% Bibliography of key references for "LaTeX for Thesis and Large Documents"
% For use with BibTeX

% Bibliography of key references for "LaTeX for Thesis and Large Documents"
% For use with BibTeX


% Journals

% First the Full Name is given, then the abbreviation used in the AMS Math
% Reviews, with an indication if it could not be found there.
% Note the 2nd overwrites the 1st, so swap them if you want the full name.

%{AMS}
@String{AMSTrans = "American Mathematical Society Translations" }
@String{AMSTrans = "Amer. Math. Soc. Transl." }
@String{BullAMS = "Bulletin of the American Mathematical Society" }
@String{BullAMS = "Bull. Amer. Math. Soc." }
@String{ProcAMS = "Proceedings of the American Mathematical Society" }
@String{ProcAMS = "Proc. Amer. Math. Soc." }
@String{TransAMS = "Transactions of the American Mathematical Society" }
@String{TransAMS = "Trans. Amer. Math. Soc." }

%ACM
@String{CACM = "Communications of the {ACM}" }
@String{CACM = "Commun. {ACM}" }
@String{CompServ = "Comput. Surveys" }
@String{JACM = "J. ACM" }
@String{ACMMathSoft = "{ACM} Transactions on Mathematical Software" }
@String{ACMMathSoft = "{ACM} Trans. Math. Software" }
@String{SIGNUM = "{ACM} {SIGNUM} Newsletter" }
@String{SIGNUM = "{ACM} {SIGNUM} Newslett." }

@String{AmerSocio = "American Journal of Sociology" }
@String{AmerStatAssoc = "Journal of the American Statistical Association" }
@String{AmerStatAssoc = "J. Amer. Statist. Assoc." }
@String{ApplMathComp = "Applied Mathematics and Computation" }
@String{ApplMathComp = "Appl. Math. Comput." }
@String{AmerMathMonthly = "American Mathematical Monthly" }
@String{AmerMathMonthly = "Amer. Math. Monthly" }
@String{BIT = "{BIT}" }
@String{BritStatPsych = "British Journal of Mathematical and Statistical
	Psychology" }
@String{BritStatPsych = "Brit. J. Math. Statist. Psych." }
@String{CanMathBull = "Canadian Mathematical Bulletin" }
@String{CanMathBull = "Canad. Math. Bull." }
@String{CompApplMath = "Journal of Computational and Applied Mathematics" }
@String{CompApplMath = "J. Comput. Appl. Math." }
@String{CompPhys = "Journal of Computational Physics" }
@String{CompPhys = "J. Comput. Phys." }
@String{CompStruct = "Computers and Structures" }
@String{CompStruct = "Comput. \& Structures" }
@String{CompJour = "The Computer Journal" }
@String{CompJour = "Comput. J." }
@String{CompSysSci = "Journal of Computer and System Sciences" }
@String{CompSysSci = "J. Comput. System Sci." }
@String{Computing = "Computing" }
@String{ContempMath = "Contemporary Mathematics" }
@String{ContempMath = "Contemp. Math." }
@String{Crelle = "Crelle's Journal" }
@String{GiornaleMath = "Giornale di Mathematiche" }
@String{GiornaleMath = "Giorn. Mat." } % didn't find in AMS MR., ibid.

%IEEE
@String{Computer = "{IEEE} Computer" }
@String{IEEETransComp = "{IEEE} Transactions on Computers" }
@String{IEEETransComp = "{IEEE} Trans. Comput." }
@String{IEEETransAC = "{IEEE} Transactions on Automatic Control" }
@String{IEEETransAC = "{IEEE} Trans. Automat. Control" }
@String{IEEESpec = "{IEEE} Spectrum" } % didn't find in AMS MR
@String{ProcIEEE = "Proceedings of the {IEEE}" }
@String{ProcIEEE = "Proc. {IEEE}" } % didn't find in AMS MR
@String{IEEETransAeroElec = "{IEEE} Transactions on Aerospace and Electronic
	Systems" }
@String{IEEETransAeroElec = "{IEEE} Trans. Aerospace Electron. Systems" }

@String{IMANumerAna = "{IMA} Journal of Numerical Analysis" }
@String{IMANumerAna = "{IMA} J. Numer. Anal." }
@String{InfProcLet = "Information Processing Letters" }
@String{InfProcLet = "Inform. Process. Lett." }
@String{InstMathApp = "Journal of the Institute of Mathematics and
	its Applications" }
@String{InstMathApp = "J. Inst. Math. Appl." }
@String{IntControl = "International Journal of Control" }
@String{IntControl = "Internat. J. Control" }
@String{IntNumerEng = "International Journal for Numerical Methods in
	Engineering" }
@String{IntNumerEng = "Internat. J. Numer. Methods Engrg." }
@String{IntSuper = "International Journal of Supercomputing Applications" }
@String{IntSuper = "Internat. J. Supercomputing Applic." } % didn't find
%% in AMS MR
@String{Kibernetika = "Kibernetika" }
@String{JResNatBurStand = "Journal of Research of the National Bureau
	of Standards" }
@String{JResNatBurStand = "J. Res. Nat. Bur. Standards" }
@String{LinAlgApp = "Linear Algebra and its Applications" }
@String{LinAlgApp = "Linear Algebra Appl." }
@String{MathAnaAppl = "Journal of Mathematical Analysis and Applications" }
@String{MathAnaAppl = "J. Math. Anal. Appl." }
@String{MathAnnalen = "Mathematische Annalen" }
@String{MathAnnalen = "Math. Ann." }
@String{MathPhys = "Journal of Mathematical Physics" }
@String{MathPhys = "J. Math. Phys." }
@String{MathComp = "Mathematics of Computation" }
@String{MathComp = "Math. Comp." }
@String{MathScand = "Mathematica Scandinavica" }
@String{MathScand = "Math. Scand." }
@String{TablesAidsComp = "Mathematical Tables and Other Aids to Computation" }
@String{TablesAidsComp = "Math. Tables Aids Comput." }
@String{NumerMath = "Numerische Mathematik" }
@String{NumerMath = "Numer. Math." }
@String{PacificMath = "Pacific Journal of Mathematics" }
@String{PacificMath = "Pacific J. Math." }
@String{ParDistComp = "Journal of Parallel and Distributed Computing" }
@String{ParDistComp = "J. Parallel and Distrib. Comput." } % didn't find
%% in AMS MR
@String{ParComputing = "Parallel Computing" }
@String{ParComputing = "Parallel Comput." }
@String{PhilMag = "Philosophical Magazine" }
@String{PhilMag = "Philos. Mag." }
@String{ProcNAS = "Proceedings of the National Academy of Sciences
	of the USA" }
@String{ProcNAS = "Proc. Nat. Acad. Sci. U. S. A." }
@String{Psychometrika = "Psychometrika" }
@String{QuartMath = "Quarterly Journal of Mathematics, Oxford, Series (2)" }
@String{QuartMath = "Quart. J. Math. Oxford Ser. (2)" }
@String{QuartApplMath = "Quarterly of Applied Mathematics" }
@String{QuartApplMath = "Quart. Appl. Math." }
@String{RevueInstStat = "Review of the International Statisical Institute" }
@String{RevueInstStat = "Rev. Inst. Internat. Statist." }

%SIAM
@String{JSIAM = "Journal of the Society for Industrial and Applied
	Mathematics" }
@String{JSIAM = "J. Soc. Indust. Appl. Math." }
@String{JSIAMB = "Journal of the Society for Industrial and Applied
	Mathematics, Series B, Numerical Analysis" }
@String{JSIAMB = "J. Soc. Indust. Appl. Math. Ser. B Numer. Anal." }
@String{SIAMAlgMeth = "{SIAM} Journal on Algebraic and Discrete Methods" }
@String{SIAMAlgMeth = "{SIAM} J. Algebraic Discrete Methods" }
@String{SIAMAppMath = "{SIAM} Journal on Applied Mathematics" }
@String{SIAMAppMath = "{SIAM} J. Appl. Math." }
@String{SIAMComp = "{SIAM} Journal on Computing" }
@String{SIAMComp = "{SIAM} J. Comput." }
@String{SIAMMatrix = "{SIAM} Journal on Matrix Analysis and Applications" }
@String{SIAMMatrix = "{SIAM} J. Matrix Anal. Appl." }
@String{SIAMNumAnal = "{SIAM} Journal on Numerical Analysis" }
@String{SIAMNumAnal = "{SIAM} J. Numer. Anal." }
@String{SIAMReview = "{SIAM} Review" }
@String{SIAMReview = "{SIAM} Rev." }
@String{SIAMSciStat = "{SIAM} Journal on Scientific and Statistical
	Computing" }
@String{SIAMSciStat = "{SIAM} J. Sci. Statist. Comput." }

@String{SoftPracExp = "Software Practice and Experience" }
@String{SoftPracExp = "Software Prac. Experience" } % didn't find in AMS MR
@String{StatScience = "Statistical Science" }
@String{StatScience = "Statist. Sci." }
@String{Techno = "Technometrics" }
@String{USSRCompMathPhys = "{USSR} Computational Mathematics and Mathematical
	Physics" }
@String{USSRCompMathPhys = "{U. S. S. R.} Comput. Math. and Math. Phys." }
@String{VLSICompSys = "Journal of {VLSI} and Computer Systems" }
@String{VLSICompSys = "J. {VLSI} Comput. Syst." }
@String{ZAngewMathMech = "Zeitschrift fur Angewandte Mathematik und
	Mechanik" }
@String{ZAngewMathMech = "Z. Angew. Math. Mech." }
@String{ZAngewMathPhys = "Zeitschrift fur Angewandte Mathematik und Physik" }
@String{ZAngewMathPhys = "Z. Angew. Math. Phys." }

% Publishers % ================================================= |

@String{Academic = "Academic Press" }
@String{ACMPress = "{ACM} Press" }
@String{AdamHilger = "Adam Hilger" }
@String{AddisonWesley = "Addison-Wesley" }
@String{AllynBacon = "Allyn and Bacon" }
@String{AMS = "American Mathematical Society" }
@String{Birkhauser = "Birkha{\"u}ser" }
@String{CambridgePress = "Cambridge University Press" }
@String{Chelsea = "Chelsea" }
@String{ClaredonPress = "Claredon Press" }
@String{DoverPub = "Dover Publications" }
@String{Eyolles = "Eyolles" }
@String{HoltRinehartWinston = "Holt, Rinehart and Winston" }
@String{Interscience = "Interscience" }
@String{JohnsHopkinsPress = "The Johns Hopkins University Press" }
@String{JohnWileySons = "John Wiley and Sons" }
@String{Macmillan = "Macmillan" }
@String{MathWorks = "The Math Works Inc." }
@String{McGrawHill = "McGraw-Hill" }
@String{NatBurStd = "National Bureau of Standards" }
@String{NorthHolland = "North-Holland" }
@String{OxfordPress = "Oxford University Press" }  %address Oxford or London?
@String{PergamonPress = "Pergamon Press" }
@String{PlenumPress = "Plenum Press" }
@String{PrenticeHall = "Prentice-Hall" }
@String{SIAMPub = "{SIAM} Publications" }
@String{Springer = "Springer-Verlag" }
@String{TexasPress = "University of Texas Press" }
@String{VanNostrand = "Van Nostrand" }
@String{WHFreeman = "W. H. Freeman and Co." }

@online{solidity_zksnark,
	year = "2023",
	author = {Joey Stockermans},
	title = {jstoxrocky/zksnarks\_example: zkSNARKS tutorial},
	url = {https://github.com/jstoxrocky/zksnarks_example},
	lastaccessed = {November 28, 2023},
}

@online{ZoKrates,
	year = "2023",
	title = {ZoKrates},
	url = {https://zokrates.github.io/},
	urldate = {2025-01-01}
}



@article{Zhang2013,
	author = {Qiannan Zhang and Tian Huang and Yongxin Zhu and Meikang Qiu},
	title ={A Case Study of Sensor Data Collection and Analysis in Smart City: Provenance in Smart Food Supply Chain},
	journal = {International Journal of Distributed Sensor Networks},
	volume = {9},
	number = {11},
	pages = {382132},
	year = {2013},
	doi = {10.1155/2013/382132},
	URL = { https://doi.org/10.1155/2013/382132	},
	eprint = { https://doi.org/10.1155/2013/382132},
}

@online{Ablamowicz07,
	author =       "Rafal Ablamowicz and Bertfried Fauser",
	year =         "2007",
	title =        "CLIFFORD: a Maple 11 Package for Clifford Algebra Computations, version 11",
	url =          "http://math.tntech.edu/rafal/cliff11/index.html",
	lastaccessed = "November 28, 2008",
}

@online{gitonline2023,
    author = {Git},
	year = "2023",
	title = "Git SCM",
	url = "https://git-scm.com/",
	lastaccessed = "November 28, 2023",
}

@online{mercurial,
    author = {Mercurial},
	year = "2023",
	title = {Mercurial SCM},
	url = {https://www.mercurial-scm.org/},
	lastaccessed = {November 28, 2023},
}

@online{Lotus,
	year = "2023",
	title = {Lotus: reference implementation for the Filecoin network},
	url = {https://lotus.filecoin.io/},
	lastaccessed = {November 28, 2023},
}

@book{chen2012communication,
	title={Communication system security},
	author={Chen, Lidong and Gong, Guang},
	year={2012},
	publisher={CRC press}
}

@online{googlecloud,
	year = "2023",
	title = {Personal Cloud Storage \& File Sharing Platform - Google},
	url = {https://www.google.com/drive/},
	lastaccessed = {November 28, 2023},
}




@online{coinjoin,
	year = "2013",
	author = {Gregory Maxwell},
	journal = {Post on bitcointalk.org},
	title = {CoinJoin: Bitcoin privacy for the real world},
	url = {https://bitcointalk.org/index.php?topic=279249},
	lastaccessed = {November 28, 2023},
}


@online{ethereum,
	author = {Vitalik Buterin},
	title = {Ethereum: A Next-Generation Smart Contract and Decentralized Application Platform [white paper]},
	year={2014},
}

@inproceedings{Bitansky2012,
	author = {Bitansky, Nir and Canetti, Ran and Chiesa, Alessandro and Tromer, Eran},
	title = {From Extractable Collision Resistance to Succinct Non-Interactive Arguments of Knowledge, and Back Again},
	year = {2012},
	isbn = {9781450311151},
	publisher = {Association for Computing Machinery},
	address = {New York, NY, USA},
	url = {https://doi.org/10.1145/2090236.2090263},
	urldate = {2023-01-08},
	doi = {10.1145/2090236.2090263},
	booktitle = {Proceedings of the 3rd Innovations in Theoretical Computer Science Conference},
	pages = {326–349},
	numpages = {24},
	location = {Cambridge, Massachusetts},
	series = {ITCS '12}
}

@InProceedings{Fiat1987,
	author="Fiat, Amos
	and Shamir, Adi",
	editor="Odlyzko, Andrew M.",
	title="How To Prove Yourself: Practical Solutions to Identification and Signature Problems",
	booktitle="Advances in Cryptology --- CRYPTO' 86",
	year="1987",
	doi="10.1007/3-540-47721-7_12",
	publisher="Springer Berlin Heidelberg",
	address="Berlin, Heidelberg",
	pages="186--194",
	isbn="978-3-540-47721-1"
}

@INPROCEEDINGS{ZeeStar,
  author={Steffen, Samuel and Bichsel, Benjamin and Baumgartner, Roger and Vechev, Martin},
  booktitle={2022 IEEE Symposium on Security and Privacy (SP)}, 
  title={ZeeStar: Private Smart Contracts by Homomorphic Encryption and Zero-knowledge Proofs}, 
  year={2022},
  volume={},
  number={},
  pages={179-197},
  doi={10.1109/SP46214.2022.9833732},
  ISSN={2375-1207},
  month={May},
  }

  @inproceedings{Zkay,
author = {Steffen, Samuel and Bichsel, Benjamin and Gersbach, Mario and Melchior, Noa and Tsankov, Petar and Vechev, Martin},
title = {Zkay: Specifying and Enforcing Data Privacy in Smart Contracts},
year = {2019},
isbn = {9781450367479},
publisher = {Association for Computing Machinery},
address = {New York, NY, USA},
url = {https://doi.org/10.1145/3319535.3363222},
doi = {10.1145/3319535.3363222},
booktitle = {Proceedings of the 2019 ACM SIGSAC Conference on Computer and Communications Security},
pages = {1759–1776},
numpages = {18},
keywords = {blockchain, zero-knowledge proofs, privacy, programming language},
location = {London, United Kingdom},
series = {CCS '19}
}

@INPROCEEDINGS{Hawk,
  author={Kosba, Ahmed and Miller, Andrew and Shi, Elaine and Wen, Zikai and Papamanthou, Charalampos},
  booktitle={2016 IEEE Symposium on Security and Privacy (SP)}, 
  title={Hawk: The Blockchain Model of Cryptography and Privacy-Preserving Smart Contracts}, 
  year={2016},
  volume={},
  number={},
  pages={839-858},
  keywords={},
  doi={10.1109/SP.2016.55},
  ISSN={2375-1207},
  month={May},
  }


@article{Yanyan2017,
author = {Yanyan Yang and Shenle Pan and Eric Ballot},
title = {Mitigating supply chain disruptions through interconnected logistics services in the Physical Internet},
journal = {International Journal of Production Research},
volume = {55},
number = {14},
pages = {3970-3983},
year  = {2017},
publisher = {Taylor & Francis},
doi = {10.1080/00207543.2016.1223379},
URL = {https://doi.org/10.1080/00207543.2016.1223379},
urldate = {2023-01-08},
eprint = {https://doi.org/10.1080/00207543.2016.1223379}

}

%



@article{udhr,
   abstract = {A milestone document in the history of human rights, the Universal Declaration of Human Rights set out, for the first time, fundamental human rights to be universally protected. It has been translated into over 500 languages.},
   publisher = {United Nations},
   title = {Universal Declaration of Human Rights | United Nations},
   url = {https://www.un.org/en/about-us/universal-declaration-of-human-rights},
    urldate = {2023-01-08},
}

@inproceedings{Chaum1983,
   author = {David Chaum},
   city = {Boston, MA},
   doi = {10.1007/978-1-4757-0602-4_18/COVER},
   editor = {David Chaum and Ronald L. Rivest and Alan T. Sherman},
   isbn = {978-1-4757-0602-4},
   journal = {Advances in Cryptology},
   pages = {199-203},
   publisher = {Springer US},
   title = {Blind Signatures for Untraceable Payments},
   url = {https://link.springer.com/chapter/10.1007/978-1-4757-0602-4_18},
   year = {1983},
   urldate = {2023-01-08},
}

@Inbook{Reid2013,
author="Reid, Fergal
and Harrigan, Martin",
editor="Altshuler, Yaniv
and Elovici, Yuval
and Cremers, Armin B.
and Aharony, Nadav
and Pentland, Alex",
title="An Analysis of Anonymity in the Bitcoin System",
bookTitle="Security and Privacy in Social Networks",
year="2013",
publisher="Springer New York",
address="New York, NY",
pages="197--223",
doi="10.1007/978-1-4614-4139-7_10",
}

@InProceedings{Ron2013,
author="Ron, Dorit
and Shamir, Adi",
editor="Sadeghi, Ahmad-Reza",
title="Quantitative Analysis of the Full Bitcoin Transaction Graph",
booktitle="Financial Cryptography and Data Security",
year="2013",
publisher="Springer Berlin Heidelberg",
address="Berlin, Heidelberg",
pages="6--24",
doi="10.1007/978-3-642-39884-1_2"
}

@article{Li2014,
	
	author={Li, Hongwei and Lu, Rongxing and Zhou, Liang and Yang, Bo and Shen, Xuemin},
	
	journal={IEEE Systems Journal}, 
	
	title={An Efficient Merkle-Tree-Based Authentication Scheme for Smart Grid}, 
	
	year={2014},
	
	volume={8},
	
	number={2},
	
	pages={655-663},
	
	doi={10.1109/JSYST.2013.2271537}}


@article{Meiklejohn2016,
author = {Meiklejohn, Sarah and Pomarole, Marjori and Jordan, Grant and Levchenko, Kirill and McCoy, Damon and Voelker, Geoffrey M. and Savage, Stefan},
title = {A Fistful of Bitcoins: Characterizing Payments among Men with No Names},
year = {2016},
issue_date = {April 2016},
publisher = {Association for Computing Machinery},
address = {New York, NY, USA},
volume = {59},
number = {4},
doi = {10.1145/2896384},
journal = {Commun. ACM},
month = {mar},
pages = {86–93},
numpages = {8}
}

@article{Seh2020,
   author = {Adil Hussain Seh and Mohammad Zarour and Mamdouh Alenezi and Amal Krishna Sarkar and Alka Agrawal and Rajeev Kumar and Raees Ahmad Khan},
   doi = {10.3390/HEALTHCARE8020133},
   issn = {22279032},
   issue = {2},
   journal = {Healthcare (Basel)},
   keywords = {Cost effectiveness,Cost forecasting,Data analysis,Data breach forecasting,Data confidentiality,Data security,Healthcare data breaches,Time series analysis},
   month = {6},
   pmid = {32414183},
   publisher = {Multidisciplinary Digital Publishing Institute  (MDPI)},
   title = {Healthcare Data Breaches: Insights and Implications},
   volume = {8},
   url = {https://www.ncbi.nlm.nih.gov/pmc/articles/PMC7349636/},
   year = {2020},
   urldate = {2023-01-08},
}

@online{canada-ca-credit,
   journal = {Government of Canada},
   title = {Resolving an unauthorized transaction - Canada.ca},
   url = {https://www.canada.ca/en/financial-consumer-agency/services/resolving-unauthorized-transaction.html},
   urldate = {2023-01-08},
   lastaccessed = {November 28, 2023},
}

@article{cavoukian2009privacy,
  title={Privacy by design: The 7 foundational principles},
  author={Cavoukian, Ann and others},
  journal={Information and privacy commissioner of Ontario, Canada},
  volume={5},
  pages={2009},
  year={2009}
}


@inproceedings{Goldwasser1985,
author = {Goldwasser, Shafi and Micali, Silvio and Rackoff, Charles},
title = {The knowledge complexity of interactive proof-systems},
year = {1985},
isbn = {0897911512},
publisher = {Association for Computing Machinery},
address = {New York, NY, USA},
doi = {10.1145/22145.22178},
booktitle = {Proceedings of the Seventeenth Annual ACM Symposium on Theory of Computing},
pages = {291–304},
numpages = {14},
location = {Providence, Rhode Island, USA},
series = {STOC '85}
}

@online{Goldwasser-Turing,
   title = {Shafi Goldwasser - A.M. Turing Award Laureate},
   url = {https://amturing.acm.org/award_winners/goldwasser_8627889.cfm},
   urldate = {2023-01-08},
   lastaccessed = {November 28, 2023},
}

@online{Micali-Turing,
   title = {Silvio Micali - A.M. Turing Award Laureate},
   url = {https://amturing.acm.org/award_winners/micali_9954407.cfm},
   urldate = {2023-01-08},
   lastaccessed = {November 28, 2023},
}

@online{bitcoin,
   author = {Satoshi Nakamoto},
   title = {Bitcoin: A Peer-to-Peer Electronic Cash System [white paper]},
   year = {2008},
}



@InProceedings{Nitulescu2019,
author="Nitulescu, Anca",
editor="Schwabe, Peter
and Th{\'e}riault, Nicolas",
title="Lattice-Based Zero-Knowledge SNARGs for Arithmetic Circuits",
booktitle="Progress in Cryptology -- LATINCRYPT 2019",
year="2019",
publisher="Springer International Publishing",
address="Cham",
pages="217--236",
abstract="Succinct non-interactive arguments (SNARGs) enable verifying NP computations with substantially lower complexity than that required for classical NP verification. In this work, we construct a zero-knowledge SNARG candidate that relies only on lattice-based assumptions which are claimed to hold even in the presence of quantum computers.",
isbn="978-3-030-30530-7"
}

@INPROCEEDINGS{zcash-proc,  author={Ben Sasson, Eli and Chiesa, Alessandro and Garman, Christina and Green, Matthew and Miers, Ian and Tromer, Eran and Virza, Madars},  booktitle={2014 IEEE Symposium on Security and Privacy},   title={Zerocash: Decentralized Anonymous Payments from Bitcoin},   year={2014},  volume={},  number={},  pages={459-474},  doi={10.1109/SP.2014.36}}

@article{mina,
   author = {Joseph Bonneau and Izaak Meckler and Vanishree Rao and Evan Shapiro},
   month = {3},
   title = {Mina: Decentralized Cryptocurrency at Scale},
   url = {https://docs.minaprotocol.com/assets/technicalWhitepaper.pdf},
   year = {2020},
   urldate = {2023-01-08},
}

@article{Brassard1988,
title = {Minimum disclosure proofs of knowledge},
journal = {Journal of Computer and System Sciences},
volume = {37},
number = {2},
pages = {156-189},
year = {1988},
issn = {0022-0000},
doi = {https://doi.org/10.1016/0022-0000(88)90005-0},
url = {https://www.sciencedirect.com/science/article/pii/0022000088900050},
urldate = {2023-01-08},
author = {Gilles Brassard and David Chaum and Claude Crépeau},
}

@inproceedings{Kilian1992,
author = {Kilian, Joe},
title = {A Note on Efficient Zero-Knowledge Proofs and Arguments (Extended Abstract)},
year = {1992},
isbn = {0897915119},
publisher = {Association for Computing Machinery},
address = {New York, NY, USA},
url = {https://doi.org/10.1145/129712.129782},
urldate = {2023-01-08},
doi = {10.1145/129712.129782},
booktitle = {Proceedings of the Twenty-Fourth Annual ACM Symposium on Theory of Computing},
pages = {723–732},
numpages = {10},
location = {Victoria, British Columbia, Canada},
series = {STOC '92}
}


  
@online{Ben-Sasson2018,
      author = {Eli Ben-Sasson and Iddo Bentov and Yinon Horesh and Michael Riabzev},
      title = {Scalable, transparent, and post-quantum secure computational integrity},
      howpublished = {Cryptology ePrint Archive, Paper 2018/046},
      year = {2018},
      url = {https://eprint.iacr.org/2018/046},
      urldate = {2023-01-08},
      lastaccessed = {November 28, 2023},
}

@online{zcash-ceremony,
	year = {2016},
   title = {Zcash Genesis Block - YouTube},
   url = {https://www.youtube.com/watch?v=O8QA6Nvg8RI},
   urldate = {2023-01-08},
   lastaccessed = {November 28, 2023},
}


@online{aztec-ceremony,
	year = {2020},
   title = {GitHub - AztecProtocol/ignition-verification: Repository to verify contributions to the AZTEC Ignition ceremony},
   url = {https://github.com/AztecProtocol/ignition-verification},
   urldate = {2023-01-08},
   lastaccessed = {November 28, 2023},
}

@InProceedings{GGPR13,
author="Gennaro, Rosario
and Gentry, Craig
and Parno, Bryan
and Raykova, Mariana",
editor="Johansson, Thomas
and Nguyen, Phong Q.",
title="Quadratic Span Programs and Succinct NIZKs without PCPs",
booktitle="Advances in Cryptology -- EUROCRYPT 2013",
year="2013",
publisher="Springer Berlin Heidelberg",
address="Berlin, Heidelberg",
pages="626--645",
abstract="We introduce a new characterization of the NP complexity class, called Quadratic Span Programs (QSPs), which is a natural extension of span programs defined by Karchmer and Wigderson. Our main motivation is the quick construction of succinct, easily verified arguments for NP statements.",
isbn="978-3-642-38348-9"
}

@article{NISTPRNG,
	author = {Elaine B. Barker and John M. Kelsey},
	city = {Gaithersburg, MD},
	doi = {10.6028/NIST.SP.800-90AR1},
	institution = {National Institute of Standards and Technology},
	keywords = {deterministic random bit generator (DRBG),entropy,hash function,random number generator},
	month = {6},
	title = {NIST Special Publication 800-90A Revision 1, Recommendation for Random Number Generation Using Deterministic Random Bit Generators},
	url = {https://csrc.nist.gov/publications/detail/sp/800-90a/rev-1/final},
	year = {2015},
}


@article{brown2009standards,
	title={Standards for efficient cryptography, SEC 1: elliptic curve cryptography},
	author={Brown, D},
	journal={Released Standard Version},
	volume={1},
	year={2009},
    url={https://www.secg.org/SEC1-Ver-1.0.pdf},
    lastaccessed = {November 28, 2023},
}


@inproceedings{krol2018chainsoft,
	title={ChainSoft: collaborative software development using smart contracts},
	author={Kr{\'o}l, Micha{\l} and Re{\~n}{\'e}, Sergi and Ascigil, Onur and Psaras, Ioannis},
	booktitle={Proceedings of the 1st Workshop on Cryptocurrencies and Blockchains for Distributed Systems},
	pages={1--6},
	year={2018}
}

@online{Radicle,
	year = {2023},
	title = {Radicle: Sovereign code infrastructure},
	url = {https://radicle.xyz/},
	lastaccessed = {November 28, 2023},
	
}

@article{Polaris,
   author = {Shihui Fu and Guang Gong},
   doi = {10.2478/POPETS-2022-0027},
   issn = {2299-0984},
   issue = {1},
   journal = {Proceedings on Privacy Enhancing Technologies},
   keywords = {polynomial commitment,verifiable computation,zero-knowledge proof,zkSNARK},
   pages = {544-564},
   publisher = {Privacy Enhancing Technologies Symposium Advisory Board},
   title = {Polaris: Transparent Succinct Zero-Knowledge Arguments for {R1CS} with Efficient Verifier},
   volume = {2022},
   year = {2022},
}

@report{zkproof,
   author = {ZKProof},
   title = {ZKProof Community Reference},
   subtitle = {Version 0.3},
   year = {2022},
   month = {7},
   publisher = {zkproof.org},
   editor = {Daniel Benarroch and Luís Brandão and Mary Maller and Eran Tromer},
   keywords = {cryptography; interoperability; privacy, security; standards; zero-knowledge proofs},
   contributors-to-v0 = {Shashank Agrawal and Tony Arcieri and Daniel Benarroch and Vipin Bharathan and Nir Bitansky and Sean Bowe and Benedikt Bünz and Ran Canetti and Angelo De Caro and Konstantinos Chalkias and Josh Cincinnati and Henry Corrigan-Gibbs and Joshua Daniel and Michael Dixon and Maria Dubovitskaya and Brett Hemenway Falk and Daniel Genkin and Nathan George and Shafi Goldwasser and Anuj Das Gupta and Jack Grigg and Jens Groth and Kobi Gurkan and Daira Hopwood and Yuval Ishai and Charanjit Jutla and Yael Kalai and Hugo Krawczyk and Jason Law and Anna Lysyanskaya and Zaki Manian and Andrew Miller and Eduardo Morais and Neha Narula and Rafail Ostrovsky and Gavin Pacini and Omer Paneth and Andrew Poelstra and Tal Rabin and Maryana Raykova and Jonathan Rouach and Ron Rothblum and Alessandra Scafuro and abhi shelat and Kartheek Solipuram and Eran Tromer and Mayank Varia and Muthu Venkitasubramaniam and Madars Virza and Riad S. Wahby and Douglas Wikstrom and Pieter Wuille and Aviv Zohar},
   contributors-to-v01 = {Luís Brandão and René Peralta and Angela Robinson},
   contributors-to-v02 = {Daniel Benarroch and Luís Brandão and Yu Hang and Eduardo Morais and René Peralta and Angela Robinson and Justin Thaler and Eran Tromer and Ivan Visconti and Riad Wahby and Yupeng Zhang},
   contributors-to-v03 = {Daniel Benarroch and Luís Brandão and Yuval Ishai and Mary Maller and Justin Thaler and Eran Tromer},
   addendum = {Updated versions at https://docs.zkproof.org/reference},
   license = {Creative Commons Attribution 4.0 International},
   shorthand = {ZkpComref}
}

@article{rs-code,
 ISSN = {03684245},
 doi = {10.1137/0108018},
 author = {Irving Stoy Reed and Gustave Solomon},
 journal = {Journal of the Society for Industrial and Applied Mathematics},
 number = {2},
 pages = {300--304},
 publisher = {Society for Industrial and Applied Mathematics},
 title = {Polynomial Codes Over Certain Finite Fields},
 volume = {8},
 year = {1960}
}

@article{Parno2016Pinocchio,
author = {Parno, Bryan and Howell, Jon and Gentry, Craig and Raykova, Mariana},
title = {Pinocchio: Nearly Practical Verifiable Computation},
year = {2016},
issue_date = {February 2016},
publisher = {Association for Computing Machinery},
address = {New York, NY, USA},
volume = {59},
number = {2},
issn = {0001-0782},
url = {https://doi.org/10.1145/2856449},
doi = {10.1145/2856449},
journal = {Commun. ACM},
month = {jan},
pages = {103–112},
numpages = {10},
 urldate = {2023-01-09},
}

@online{Spartan,
      author = {Srinath Setty},
      title = {Spartan: Efficient and general-purpose zkSNARKs without trusted setup},
      howpublished = {Cryptology ePrint Archive, Paper 2019/550},
      year = {2019},
      note = {\url{https://eprint.iacr.org/2019/550}},
      url = {https://eprint.iacr.org/2019/550},
      lastaccessed = {November 28, 2023},
}


@book{goossens.book,
	author =	"Michel Goossens and Frank Mittelbach and 
			 Alexander Samarin",
	title =		"The \LaTeX\ Companion",
	year = 		"1994",
	publisher =	"Addison-Wesley",
	address = 	"Reading, Massachusetts"
}

@book{knuth.book,
        author =        "Donald Knuth",
        title =         "The \TeX book",
        year =          "1986",
        publisher =     "Addison-Wesley",
        address =       "Reading, Massachusetts"
}

@book{lamport.book,
	author =        "Leslie Lamport",
	title =         "\LaTeX\ --- A Document Preparation System",
        edition =       "Second",
	year = 		"1994",
	publisher = 	"Addison-Wesley",
	address =       "Reading, Massachusetts"
}

@article{altawy2019mesh,
  title={Mesh: A Supply Chain Solution with Locally Private Blockchain Transactions},
  author={AlTawy, Riham and Gong, Guang},
  journal={Proceedings on Privacy Enhancing Technologies},
  volume={3},
  pages={149--169},
  year={2019},
doi = {10.2478/popets-2019-0041},
}

@inproceedings{petersen1997convert,
  author = {Petersen, Holger},
title = {How to Convert any Digital Signature Scheme into a Group Signature Scheme},
year = {1997},
publisher = {Springer-Verlag},
address = {Berlin, Heidelberg},
booktitle = {Proceedings of the 5th International Workshop on Security Protocols},
pages = {177–190},
numpages = {14},
    doi={10.1007/BFb0028168}
}



@INPROCEEDINGS{zcash2014,
  author={Ben Sasson, Eli and Chiesa, Alessandro and Garman, Christina and Green, Matthew and Miers, Ian and Tromer, Eran and Virza, Madars},
booktitle={2014 IEEE Symposium on Security and Privacy}, 
title={Zerocash: Decentralized Anonymous Payments from Bitcoin}, 
year={2014},
volume={},
number={},
pages={459-474},
keywords={Online banking;Privacy;Public key;Protocols;Logic gates;Bitcoin;decentralized electronic cash;zero knowledge},
doi={10.1109/SP.2014.36}
}

@online{BIP0137,
	year = {2019},
   author = {Christopher Gilliard},
   title = {BIP 0137 - Bitcoin Wiki},
   url = {https://en.bitcoin.it/wiki/BIP_0137},
   urldate = {2023-01-08},
   lastaccessed = {November 28, 2023},
   
}

@article{Giannakis2019,
   author = {Mihalis Giannakis and Konstantina Spanaki and Rameshwar Dubey},
   doi = {10.1108/JEIM-05-2018-0106},
   issn = {17410398},
   issue = {4},
   journal = {Journal of Enterprise Information Management},
   title = {A cloud-based supply chain management system: effects on supply chain responsiveness},
   volume = {32},
   year = {2019},
}

@article{Schniederjans2017,
   author = {Dara G Schniederjans and Marc Schniederjans},
   doi = {10.1007/s12063-017-0123-6},
   isbn = {1206301701236},
   journal = {Operations Management Research},
   keywords = {Case studies,Literature review,Structural equation modeling,Supplier policies and procedures,Supply chain management,Survey methods,Technology management},
   pages = {47-63},
   title = {Establishing the use of cloud computing in supply chain management},
   volume = {10},
   year = {2017},
}

@article{Leukel2011,
   author = {Joerg Leukel and Stefan Kirn and Thomas Schlegel},
   doi = {10.1109/JSYST.2010.2100197},
   issn = {19379234},
   issue = {1},
   journal = {IEEE Systems Journal},
   title = {Supply chain as a service: A cloud perspective on supply chain systems},
   volume = {5},
   year = {2011},
}

@article{Novais2019,
   author = {Luciano Novais and Juan Manuel Maqueira and Ángel Ortiz-Bas},
   doi = {10.1016/j.cie.2019.01.056},
   issn = {03608352},
   journal = {Computers and Industrial Engineering},
   title = {A systematic literature review of cloud computing use in supply chain integration},
   volume = {129},
   year = {2019},
}

@article{Ray2016,
   author = {Partha Pratim Ray},
   doi = {10.1016/J.FCIJ.2017.02.001},
   issn = {2314-7288},
   issue = {1-2},
   journal = {Future Computing and Informatics Journal},
   month = {12},
   pages = {35-46},
   publisher = {Elsevier},
   title = {A survey of IoT cloud platforms},
   volume = {1},
   year = {2016},
}

@article{Ibrahim2019,
   author = {Fady A. M. Ibrahim and Elsayed E. Hemayed},
   doi = {10.1016/J.COSE.2018.12.014},
   issn = {0167-4048},
   journal = {Computers \& Security},
   keywords = {IaaS,Remote Attestation,Trusted Cloud Computing,Trusted Virtual Domain,vDRTM,vTPM},
   month = {5},
   pages = {196-226},
   publisher = {Elsevier Advanced Technology},
   title = {Trusted Cloud Computing Architectures for infrastructure as a service: Survey and systematic literature review},
   volume = {82},
   year = {2019},
}

@online{filecoin,
    author = {Filecoin},
	year = {2023},
   title = {A decentralized storage network for humanity's most important information | Filecoin},
   url = {https://filecoin.io/},
   urldate = {2023-01-08},
   lastaccessed = {November 28, 2023},
}

@article{Wood2022,
   author = {Gavin Wood},
   city = {Berlin version},
   month = {10},
   title = {Ethereum: A secure decentralised generalised transaction ledger [Yellow Paper]},
   year = {2022},
}

@online{ipfs,
   title = {IPFS },
   url = {https://ipfs.tech/},
   urldate = {2025-01-01},
   lastaccessed = {November 28, 2023},
}

@article{Benet2014,
   author = {Juan Benet},
   doi = {10.48550/arxiv.1407.3561},
   keywords = {()},
   month = {7},
   title = {IPFS - Content Addressed, Versioned, P2P File System [white paper]},
   year = {2014},
}


@article{Benet2017,
   author = {Juan Benet and David Dalrymple and Nicola Greco},
   journal = {Protocol Labs},
   month = {7},
   title = {Proof of Replication},
   year = {2017},
}


@online{functionland,
	year = {2023},
   title = {FX.land - Decentralized cloud alternative},
   url = {https://fx.land/},
   urldate = {2023-01-08},
   lastaccessed = {November 28, 2023},
}

@article{Koblitz2016,
   author = {Neal Koblitz and Alfred J. Menezes},
   doi = {10.1007/S10623-015-0148-5/FIGURES/1},
   issn = {15737586},
   issue = {1},
   journal = {Designs, Codes, and Cryptography},
   keywords = {Bitcoin,Cryptocurrency,Cryptography,Ethereum,Public key},
   month = {1},
   pages = {87-102},
   publisher = {Springer New York LLC},
   title = {Cryptocash, cryptocurrencies, and cryptocontracts},
   volume = {78},
   url = {https://link.springer.com/article/10.1007/s10623-015-0148-5},
   year = {2016},
   urldate = {2023-01-08},
}

@article{Jentzsch2018,
	year = {2018},
   author = {Simon Jentzsch and Christoph Jentzsch},
   month = {6},
   title = {EIP-1186},
   url = {https://eips.ethereum.org/EIPS/eip-1186},
   year = {2018},
   urldate = {2025-01-01},
journal = {Ethereum Improvement Proposals},

}

@online{PatriciaTree,
    author = {{Ethereum Development Documentation}},
	year = {2023},
   journal = {Ethereum development documentation},
   title = {Patricia Merkle Trees},
   url = {https://ethereum.org/en/developers/docs/data-structures-and-encoding/patricia-merkle-trie/},
   urldate = {2025-01-01},
   lastaccessed = {November 28, 2023},
}

@article{Schnorr1991Signature,
author = {Schnorr, C. P.},
title = {Efficient Signature Generation by Smart Cards},
year = {1991},
issue_date = {January   1991},
publisher = {Springer-Verlag},
address = {Berlin, Heidelberg},
volume = {4},
number = {3},
issn = {0933-2790},
doi = {10.1007/BF00196725},
journal = {J. Cryptol.},
month = {jan},
pages = {161–174},
numpages = {14}
}

  




@InProceedings{Groth2016,
author="Groth, Jens",
editor="Fischlin, Marc
and Coron, Jean-S{\'e}bastien",
title="On the Size of Pairing-Based Non-interactive Arguments",
booktitle="Advances in Cryptology -- EUROCRYPT 2016",
year="2016",
publisher="Springer",
address="Berlin, Heidelberg",
pages="305--26",
doi = "10.1007/978-3-662-49896-5_11"
}



@online{libsnark,
	year = {2020},
   author = {Eli Ben-Sasson and Alessandro Chiesa and Daniel Genkin and Shaul Kfir and Eran Tromer and Madars Virza and Howard Wu},
   title = {GitHub - scipr-lab/libsnark: C++ library for zkSNARKs},
   url = {https://github.com/scipr-lab/libsnark},
   urldate = {2025-01-01},
   lastaccessed = {November 28, 2023},
}


@article{Lund1992,
author = {Lund, Carsten and Fortnow, Lance and Karloff, Howard and Nisan, Noam},
title = {Algebraic Methods for Interactive Proof Systems},
year = {1992},
issue_date = {Oct. 1992},
publisher = {Association for Computing Machinery},
address = {New York, NY, USA},
volume = {39},
number = {4},
issn = {0004-5411},
url = {https://doi.org/10.1145/146585.146605},
doi = {10.1145/146585.146605},
abstract = {A new algebraic technique for the construction of interactive proof systems is presented. Our technique is used to prove that every language in the polynomial-time hierarchy has an interactive proof system. This technique played a pivotal role in the recent proofs that IP = PSPACE [28] and that MIP = NEXP [4].},
journal = {J. ACM},
month = {oct},
pages = {859–868},
numpages = {10},
keywords = {interactive proof systems}
}


@ARTICLE{Salah2019,
  author={Salah, Khaled and Nizamuddin, Nishara and Jayaraman, Raja and Omar, Mohammad},
  journal={IEEE Access}, 
  title={Blockchain-Based Soybean Traceability in Agricultural Supply Chain}, 
  year={2019},
  volume={7},
  number={},
  pages={73295-73305},
  doi={10.1109/ACCESS.2019.2918000}}

  @article{Sodhi2021,
author = {Sodhi, ManMohan S. and Tang, Christopher S.},
title = {Supply Chain Management for Extreme Conditions: Research Opportunities},
journal = {Journal of Supply Chain Management},
volume = {57},
number = {1},
pages = {7-16},
keywords = {general management issues, electronic commerce, partnering},
doi = {https://doi.org/10.1111/jscm.12255},
url = {https://onlinelibrary.wiley.com/doi/abs/10.1111/jscm.12255},
eprint = {https://onlinelibrary.wiley.com/doi/pdf/10.1111/jscm.12255},
year = {2021}
}

@ARTICLE{Toyoda2017,
  author={Toyoda, Kentaroh and Mathiopoulos, P. Takis and Sasase, Iwao and Ohtsuki, Tomoaki},
  journal={IEEE Access}, 
  title={A Novel Blockchain-Based Product Ownership Management System (POMS) for Anti-Counterfeits in the Post Supply Chain}, 
  year={2017},
  volume={5},
  number={},
  pages={17465-17477},
  doi={10.1109/ACCESS.2017.2720760}}

  @online{sagemath,
  	year = {2023},
   title = {SageMath - Open-Source Mathematical Software System},
   url = {https://www.sagemath.org/},
   urldate = {2023-01-08},
   lastaccessed = {November 28, 2023},
}

@online{libff,
	year = {2021},
   author = {Eli Ben-Sasson and Alessandro Chiesa and Eran Tromer and Madars Virza and Howard Wu},
   title = {GitHub - scipr-lab/libff: C++ library for Finite Fields and Elliptic Curves},
   url = {https://github.com/scipr-lab/libff},
   urldate = {2023-01-08},
   lastaccessed = {November 28, 2023},
}


@inproceedings{Goyal2006,
author = {Goyal, Vipul and Pandey, Omkant and Sahai, Amit and Waters, Brent},
title = {Attribute-Based Encryption for Fine-Grained Access Control of Encrypted Data},
year = {2006},
isbn = {1595935185},
publisher = {Association for Computing Machinery},
address = {New York, NY, USA},
url = {https://doi.org/10.1145/1180405.1180418},
urldate = {2023-01-08},
doi = {10.1145/1180405.1180418},
booktitle = {Proceedings of the 13th ACM Conference on Computer and Communications Security},
pages = {89–98},
numpages = {10},
keywords = {delegation, attribute-based encryption, access control, hierarchical identity-based encryption, audit logs, broadcast encryption},
location = {Alexandria, Virginia, USA},
series = {CCS '06}
}




@book{katz2020introduction,
	author = {Katz, Jonathan and Lindell, Yehuda},
	title = {Introduction to Modern Cryptography, Second Edition},
	year = {2014},
	isbn = {1466570261},
	publisher = {Chapman \& Hall/CRC},
	edition = {2nd},
}


@inproceedings {zkLedger2018,
author = {Neha Narula and Willy Vasquez and Madars Virza},
title = {{zkLedger}: {Privacy-Preserving} Auditing for Distributed Ledgers},
booktitle = {15th USENIX Symposium on Networked Systems Design and Implementation (NSDI 18)},
year = {2018},
isbn = {978-1-939133-01-4},
address = {Renton, WA},
pages = {65--80},
publisher = {USENIX Association},
month = apr,
}

@INPROCEEDINGS{Brendel2021TheProvableSecurity,
  author={Brendel, Jacqueline and Cremers, Cas and Jackson, Dennis and Zhao, Mang},
  booktitle={2021 IEEE Symposium on Security and Privacy (SP)}, 
  title={The Provable Security of {E}d25519: Theory and Practice}, 
  year={2021},
  volume={},
  number={},
  pages={1659-1676},
  doi={10.1109/SP40001.2021.00042}}


@InProceedings{Bellare1993ProofsofKnowledge,
author="Bellare, Mihir
and Goldreich, Oded",
editor="Brickell, Ernest F.",
title="On Defining Proofs of Knowledge",
booktitle="Advances in Cryptology --- CRYPTO' 92",
year="1992",
publisher="Springer Berlin Heidelberg",
address="Berlin, Heidelberg",
volume="740",
pages="390--420",
isbn="978-3-540-48071-6",
doi="10.1007/3-540-48071-4_28"
}


@InProceedings{Bellare2001KeyPrivacy,
author="Bellare, Mihir
and Boldyreva, Alexandra
and Desai, Anand
and Pointcheval, David",
editor="Boyd, Colin",
title="Key-Privacy in Public-Key Encryption",
booktitle="Advances in Cryptology --- ASIACRYPT 2001",
year="2001",
publisher="Springer Berlin Heidelberg",
address="Berlin, Heidelberg",
pages="566--582",
isbn="978-3-540-45682-7"
}


@inproceedings{Maouchi2019DECOUPLES,
author = {Maouchi, Mourad El and Ersoy, O\u{g}uzhan and Erkin, Zekeriya},
title = {DECOUPLES: A Decentralized, Unlinkable and Privacy-Preserving Traceability System for the Supply Chain},
year = {2019},
publisher = {Association for Computing Machinery},
address = {New York, NY, USA},
doi = {10.1145/3297280.3297318},
booktitle = {Proceedings of the 34th ACM/SIGAPP Symposium on Applied Computing},
pages = {364–373},
numpages = {10},
keywords = {privacy-preserving protocols, traceability, blockchain, supply chain},
location = {Limassol, Cyprus},
series = {SAC '19}
}

@INPROCEEDINGS{Bellare1997concretesecurity,
  author={Mihir Bellare
 and Anand Desai and Eron Jokipii and Phillip Rogaway},
  booktitle={Proceedings 38th Annual Symposium on Foundations of Computer Science}, 
  title={A concrete security treatment of symmetric encryption}, 
  year={1997},
  volume={},
  number={},
  pages={394-403},
  doi={10.1109/SFCS.1997.646128}}

@article{rogaway2011evaluation,
  title={Evaluation of some blockcipher modes of operation},
  author={Rogaway, Phillip},
  journal={Cryptography Research and Evaluation Committees (CRYPTREC) for the Government of Japan},
  url={https://www.cs.ucdavis.edu/~rogaway/papers/modes-cryptrec.pdf},
urldate={2025-01-01},
volume={630},
  year={2011}
}

@phdthesis{sibleyras2020Security,
  TITLE = {{Security of Modes of Operation and other provably secure cryptographic schemes}},
  AUTHOR = {Sibleyras, Ferdinand},
  URL = {https://hal.science/tel-03058306},
  NUMBER = {2020SORUS477},
  SCHOOL = {{Sorbonne Universit{\'e}}},
  YEAR = {2020},
  MONTH = Oct,
  KEYWORDS = {Symmetric cryptography ; Modes of operation ; Cryptanalysis ; Cryptographie sym{\'e}trique ; Mode d'op{\'e}ration ; S{\'e}curit{\'e} formelle ; Cryptanalyse ; Chiffrement authentifi{\'e} ; Paradoxe des anniversaires},
  TYPE = {Theses},
  PDF = {https://hal.science/tel-03058306v2/file/SIBLEYRAS_Ferdinand_these_2020.pdf},
  HAL_ID = {tel-03058306},
  HAL_VERSION = {v2},
}




@online{sec2_2010,
  title        = {{SEC 2: Recommended Elliptic Curve Domain Parameters}},
  author       = {{Standards for Efficient Cryptography Group}},
  year         = 2010,
  url = "https://www.secg.org/sec2-v2.pdf",
  urldate = {2025-01-01},
type = {Technical Report},
}

@online{sec1v2_2009,
  title = {{SEC 1: Elliptic Curve Cryptography}},
  version = {2.0},
  institution = {Standards for Efficient Cryptography Group (SECG)},
  year = "2009",
url = "https://www.secg.org/sec1-v2.pdf",
  urldate = {2023-01-08},
 lastaccessed = {November 28, 2023},
  type = {Technical Report}
}

@INPROCEEDINGS{Ben-Sasson2015SecureSampling,
  author={Ben-Sasson, Eli and Chiesa, Alessandro and Green, Matthew and Tromer, Eran and Virza, Madars},
  booktitle={2015 IEEE Symposium on Security and Privacy}, 
  title={Secure Sampling of Public Parameters for Succinct Zero Knowledge Proofs}, 
  year={2015},
  volume={},
  number={},
  pages={287-304},
  doi={10.1109/SP.2015.25}}

@misc{Gabizon2019PLONK,
      author = {Ariel Gabizon and Zachary J.  Williamson and Oana Ciobotaru},
      title = {PLONK: Permutations over Lagrange-bases for Oecumenical Noninteractive arguments of Knowledge},
      howpublished = {Cryptology ePrint Archive, Paper 2019/953},
      year = {2019},
      url = {https://eprint.iacr.org/2019/953},
      urldate={2025-01-01}
}

@misc{Paulo2005Pairing-Friendly,
      author = {Paulo S.  L.  M.  Barreto and Michael Naehrig},
      title = {Pairing-Friendly Elliptic Curves of Prime Order},
      howpublished = {Cryptology ePrint Archive, Paper 2005/133},
      year = {2005},
      note = {\url{https://eprint.iacr.org/2005/133}},
      url = {https://eprint.iacr.org/2005/133}
}



@inproceedings{Kim2015Extended,
author = {Kim, Taechan and Barbulescu, Razvan},
title = {Extended Tower Number Field Sieve: A New Complexity for the Medium Prime Case},
year = {2016},
publisher = {Springer-Verlag},
address = {Berlin, Heidelberg},
doi = {10.1007/978-3-662-53018-4_20},
booktitle = {Proceedings, Part I, of the 36th Annual International Cryptology Conference on Advances in Cryptology --- CRYPTO 2016 - Volume 9814},
pages = {543–571},
numpages = {29},
keywords = {Cryptanalysis, Discrete logarithm problem, Finite fields, Number field sieve}
}


@article{EIP197,
  author    = {Vitalik Buterin and Christian Reitwiessner},
  title     = {{EIP-197: Precompiled contracts for optimal ate pairing check on the elliptic curve alt\_bn128}},
  journal   = {Ethereum Improvement Proposals},
  number    = {197},
  year      = {2017},
  month     = {Feb},
  lastaccessed = {November 28, 2023},
  url       = {https://eips.ethereum.org/EIPS/eip-197},
  urldate = {2025-01-01}
}

@online{SCIPR, 
   title = { Succinct Computational Integrity and Privacy Research (SCIPR) Lab},
   url = {http://www.scipr-lab.org/},
    urldate = {2025-01-01},
}

@inproceedings {Kalodner2018Arbitrum,
author = {Harry Kalodner and Steven Goldfeder and Xiaoqi Chen and S. Matthew Weinberg and Edward W. Felten},
title = {Arbitrum: Scalable, private smart contracts},
booktitle = {27th USENIX Security Symposium (USENIX Security 18)},
year = {2018},
isbn = {978-1-939133-04-5},
address = {Baltimore, MD},
pages = {1353--1370},
url = {https://www.usenix.org/conference/usenixsecurity18/presentation/kalodner},
publisher = {USENIX Association},
month = aug
}

@ARTICLE{Neiheiser2023PracticalLimitations,
  author={Neiheiser, Ray and Inácio, Gustavo and Rech, Luciana and Montez, Carlos and Matos, Miguel and Rodrigues, Luís},
  journal={IEEE Access}, 
  title={Practical Limitations of Ethereum’s Layer-2}, 
  year={2023},
  volume={11},
  number={},
  pages={8651-8662},
  doi={10.1109/ACCESS.2023.3237897}}


@article{Avalanche,
    title={Scalable and Probabilistic Leaderless BFT Consensus through Metastability}, 
      author={Team Rocket and Maofan Yin and Kevin Sekniqi and Robbert van Renesse and Emin Gün Sirer},
      year={2020},
      primaryClass={cs.DC},
   doi = { 10.48550/arXiv.1906.08936},
}

@ARTICLE{Kopp2021PriCloud,

  author={Kopp, Henning and Mödinger, David and Hauck, Franz J. and Kargl, Frank},

  journal={IEEE Transactions on Dependable and Secure Computing}, 

  title={Cryptographic Design of PriCloud, a Privacy-Preserving Decentralized Storage with Remuneration}, 

  year={2021},

  volume={18},

  number={4},

  pages={1908-1919},

  doi={10.1109/TDSC.2019.2942300}}

@InProceedings{Housni2022Families,
author="El Housni, Youssef
and Guillevic, Aurore",
editor="Dunkelman, Orr
and Dziembowski, Stefan",
title="Families of SNARK-Friendly 2-Chains of Elliptic Curves",
doi = {10.1007/978-3-031-07085-3_13},
booktitle="Advances in Cryptology -- EUROCRYPT 2022",
year="2022",
publisher="Springer International Publishing",
address="Cham",
pages="367--396",
}


@ARTICLE{Zhou2022De-Anonymization,
  author={Zhou, Jiajun and Hu, Chenkai and Chi, Jianlei and Wu, Jiajing and Shen, Meng and Xuan, Qi},
  journal={IEEE Transactions on Information Forensics and Security}, 
  title={Behavior-Aware Account De-Anonymization on Ethereum Interaction Graph}, 
  year={2022},
  volume={17},
  number={},
  pages={3433-3448},
  doi={10.1109/TIFS.2022.3208471}}


@book{Flymen2020Learn,
   author = {Daniel van Flymen},
   doi = {10.1007/978-1-4842-5171-3/COVER},
   isbn = {9781484251713},
   journal = {Learn Blockchain by Building One: A Concise Path to Understanding Cryptocurrencies},
   keywords = {banking,bitcoin,blockchains,cryptocurrencies,cryptography,ethereum,fintech,fundamentals,programmers,protocol,python,transactions},
   month = {1},
   pages = {1-185},
   publisher = {Apress Berkeley, CA},
   title = {Learn Blockchain by Building One: A Concise Path to Understanding Cryptocurrencies},
   year = {2020},
}


@conference{Nicolas2017Stealth,
author={Nicolas T. Courtois. and Rebekah Mercer.},
title={Stealth Address and Key Management Techniques in Blockchain Systems},
booktitle={Proceedings of the 3rd International Conference on Information Systems Security and Privacy - ICISSP},
year={2017},
pages={559-566},
publisher={SciTePress},
organization={INSTICC},
doi={10.5220/0006270005590566},
isbn={978-989-758-209-7},
issn={2184-4356},
}

@article{noether2016ring,
  title={Ring confidential transactions},
  author={Noether, Shen and Mackenzie, Adam and others},
  journal={Ledger},
  volume={1},
  pages={1--18},
  doi={10.5195/ledger.2016.34},
  year={2016}
}

@inproceedings {Kappos2018Anonymity,
author = {George Kappos and Haaroon Yousaf and Mary Maller and Sarah Meiklejohn},
title = {An Empirical Analysis of Anonymity in Zcash},
booktitle = {27th USENIX Security Symposium (USENIX Security 18)},
year = {2018},
isbn = {978-1-939133-04-5},
address = {Baltimore, MD},
pages = {463--477},
url = {https://www.usenix.org/conference/usenixsecurity18/presentation/kappos},
publisher = {USENIX Association},
month = aug
}


@online{Fabric,
    author = {Hyperledger Fabric},
year = {2023},
   title = {Hyperledger Fabric – Hyperledger Foundation},
   url = {https://www.hyperledger.org/use/fabric},
   lastaccessed = {July 4, 2023},
}

@online{IBM-SCM,
    author = {IBM},
	year = {2023},
   title = {IBM Supply Chain Intelligence Suite - Solution - Canada | IBM},
   url = {https://www.ibm.com/ca-en/products/supply-chain-intelligence-suite/food-trust},
   urldate = {2023-01-08},
   lastaccessed = {February 28, 2023},
}

@article{HELO2019242,
title = {Blockchains in operations and supply chains: A model and reference implementation},
journal = {Computers \& Industrial Engineering},
volume = {136},
pages = {242-251},
year = {2019},
issn = {0360-8352},
doi = {https://doi.org/10.1016/j.cie.2019.07.023},
url = {https://www.sciencedirect.com/science/article/pii/S0360835219304152},
author = {Petri Helo and Yuqiuge Hao},
keywords = {Blockchain, Distributed ledger, Operations, Supply chain, Logistics},
}

@online{Walmart,
   author = {Hyperledger Foundation},
year = {2023},
   title = {Walmart Case Study – Hyperledger Foundation},
   url = {https://www.hyperledger.org/learn/publications/walmart-case-study},
urldate = {2023-01-08},
   lastaccessed = {July 4, 2023},
}

@ARTICLE{Musamih2021,

  author={Musamih, Ahmad and Salah, Khaled and Jayaraman, Raja and Arshad, Junaid and Debe, Mazin and Al-Hammadi, Yousof and Ellahham, Samer},

  journal={IEEE Access}, 

  title={A Blockchain-Based Approach for Drug Traceability in Healthcare Supply Chain}, 

  year={2021},

  volume={9},

  number={},

  pages={9728-9743},

  doi={10.1109/ACCESS.2021.3049920}}


@INPROCEEDINGS{Merkle1980,

  author={Merkle, Ralph C.},

  booktitle={1980 IEEE Symposium on Security and Privacy}, 

  title={Protocols for Public Key Cryptosystems}, 

  year={1980},

  volume={},

  number={},

  pages={122-122},

  doi={10.1109/SP.1980.10006}}


@InProceedings{Chen2023Hash-Based,
author="Chen, Liqun
and Dong, Changyu
and El Kassem, Nada
and Newton, Christopher J. P.
and Wang, Yalan",
editor="Johansson, Thomas
and Smith-Tone, Daniel",
title="Hash-Based Direct Anonymous Attestation",
doi = {10.1007/978-3-031-40003-2_21},
booktitle="Post-Quantum Cryptography",
year="2023",
publisher="Springer Nature Switzerland",
address="Cham",
pages="565--600"
}


@book{wisner2021principles,
  title={Principles of supply chain management: A balanced approach},
  author={Wisner, Joel D and Tan, Keah-Choon and Leong, Keong and others},
  year={2021},
  publisher={South-Western, Cengage Learning},
    isbn={9780357715604}
}

@article{SUN2019658,
title = {Promoting traceability for food supply chain with certification},
journal = {Journal of Cleaner Production},
volume = {217},
pages = {658-665},
year = {2019},
issn = {0959-6526},
doi = {10.1016/j.jclepro.2019.01.296},
author = {Shengnan Sun and Xinping Wang},
}


@article{Guo2015,
 author = {Ruixue Guo and Hau L. Lee and Robert Swinney},
 journal = {Management Science},
 number = {9},
 pages = {2722--2744},
 publisher = {INFORMS},
 title = {Responsible Sourcing in Supply Chains},
 volume = {62},
 year = {2016},
 doi = {10.1287/mnsc.2015.2256}
}


@misc{Ackerman2014,
   author = {Andrew Ackerman},
   title = {{U}.{S}. Appellate Court Faults {S}{E}{C}'s `Conflict Minerals' Rule - {W}{S{}J}},
   year = {2014},
   url = {https://www.wsj.com/articles/SB10001424052702303887804579501590809000188},
   urldate = {2025-01-01}
}


@article{Craighead2020,
   author = {Christopher W. Craighead and David J. Ketchen and Jessica L. Darby},
   doi = {10.1111/DECI.12468},
   issn = {1540-5915},
   issue = {4},
   journal = {Decision sciences : journal of innovative education},
   keywords = {Christopher W Craighead,David J Ketchen,Jessica L Darby,MEDLINE,NCBI,NIH,NLM,National Center for Biotechnology Information,National Institutes of Health,National Library of Medicine,PMC7276808,PubMed Abstract,Review,doi:10.1111/deci.12468,pmid:34234384},
   month = {8},
   pages = {838-866},
   pmid = {34234384},
   publisher = {Decis Sci},
   title = {Pandemics and Supply Chain Management Research: Toward a Theoretical Toolbox},
   volume = {51},
   url = {https://pubmed.ncbi.nlm.nih.gov/34234384/},
   year = {2020},
}


@article{Pan2021,
title = {Digital interoperability in logistics and supply chain management: State-of-the-art and research avenues towards Physical Internet},
journal = {Computers in Industry},
volume = {128},
pages = {103435},
year = {2021},
doi = {10.1016/j.compind.2021.103435},
author = {Shenle Pan and Damien Trentesaux and Duncan McFarlane and Benoit Montreuil and Eric Ballot and George Q. Huang},
keywords = {Interoperability, Interconnection, Physical internet, Digitalization, Logistics, Supply Chain management, Bibliometric review, State-of-the-art, Research avenues},
}

@article{Yao2020Combating,
title = {Combating product label misconduct: The role of traceability and market inspection},
journal = {European Journal of Operational Research},
volume = {282},
number = {2},
pages = {559-568},
year = {2020},
issn = {0377-2217},
doi = {https://doi.org/10.1016/j.ejor.2019.09.031},
url = {https://www.sciencedirect.com/science/article/pii/S037722171930788X},
author = {Shiqing Yao and Kaijie Zhu},
keywords = {Supply chain management, Traceability, Illegal sale, Market inspection, Collusion},
}

@article{Montecchi2021transparency,
title = {Supply chain transparency: A bibliometric review and research agenda},
journal = {International Journal of Production Economics},
volume = {238},
pages = {108152},
year = {2021},
issn = {0925-5273},
doi = {https://doi.org/10.1016/j.ijpe.2021.108152},
url = {https://www.sciencedirect.com/science/article/pii/S0925527321001286},
author = {Matteo Montecchi and Kirk Plangger and Douglas C. West},
keywords = {Supply chain transparency, Visibility, Traceability, Blockchain, Bibliometric review, Text mining},
}

@online{Lechmere2016,
   author = {Adam Lechmere},
   month = {12},
   title = {Wine Vault Offers Security in a Digital Age | Wine-Searcher News \& Features},
   url = {https://www.wine-searcher.com/m/2016/12/wine-vault-offers-security-in-a-digital-age},
   year = {2016},
urldate = {2023-01-08},
   lastaccessed = {July 4, 2023},
}


@article{Regattieri2007Traceability,
title = {Traceability of food products: General framework and experimental evidence},
journal = {Journal of Food Engineering},
volume = {81},
number = {2},
pages = {347-356},
year = {2007},
doi = {https://doi.org/10.1016/j.jfoodeng.2006.10.032},
author = {A. Regattieri and M. Gamberi and R. Manzini},
keywords = {Food traceability, Framework, Bar code, RFID, Parmigiano Reggiano},
}

@article{Sarkis2021,
   author = {Joseph Sarkis},
   doi = {10.1108/IJOPM-08-2020-0568/FULL/XML},
   issn = {17586593},
   issue = {1},
   journal = {International Journal of Operations and Production Management},
   keywords = {COVID-19,Environmental management,Resilience,Supply chain management,Sustainability},
   month = {1},
   pages = {63-73},
   publisher = {Emerald Group Holdings Ltd.},
   title = {Supply chain sustainability: learning from the COVID-19 pandemic},
   volume = {41},
   year = {2021},
}


@Article{Bojana2023Wine,
AUTHOR = {Malisic, Bojana and Misic, Nemanja and Krco, Srdjan and Martinovic, Aleksandra and Tinaj, Sandra and Popovic, Tomo},
TITLE = {Blockchain Adoption in the Wine Supply Chain: A Systematic Literature Review},
JOURNAL = {Sustainability},
VOLUME = {15},
YEAR = {2023},
NUMBER = {19},
ARTICLE-NUMBER = {14408},
URL = {https://www.mdpi.com/2071-1050/15/19/14408},
ISSN = {2071-1050},
DOI = {10.3390/su151914408}
}



@article{Shehata2019mislabelling,
title = {Survey of mislabelling across finfish supply chain reveals mislabelling both outside and within Canada},
journal = {Food Research International},
volume = {121},
pages = {723-729},
year = {2019},
issn = {0963-9969},
doi = {https://doi.org/10.1016/j.foodres.2018.12.047},
url = {https://www.sciencedirect.com/science/article/pii/S0963996918309943},
author = {Hanan R. Shehata and Danielle Bourque and Dirk Steinke and Shu Chen and Robert Hanner},
keywords = {Seafood, Substitution, BOLD, DNA barcoding, Importer, Retailer, Regulatory framework},
}


@Article{Hellani2021Transparency,
AUTHOR = {Hellani, Houssein and Sliman, Layth and Samhat, Abed Ellatif and Exposito, Ernesto},
TITLE = {On Blockchain Integration with Supply Chain: Overview on Data Transparency},
JOURNAL = {Logistics},
VOLUME = {5},
YEAR = {2021},
NUMBER = {3},
ARTICLE-NUMBER = {46},
URL = {https://www.mdpi.com/2305-6290/5/3/46},
ISSN = {2305-6290},
DOI = {10.3390/logistics5030046}
}


@ARTICLE{Sudan2021,
AUTHOR={Sudan, Tapas and Taggar, Rashi},   
TITLE={Recovering Supply Chain Disruptions in Post-COVID-19 Pandemic Through Transport Intelligence and Logistics Systems: India's Experiences and Policy Options},      
JOURNAL={Frontiers in Future Transportation},      
VOLUME={2},           
YEAR={2021},      
URL={https://www.frontiersin.org/articles/10.3389/ffutr.2021.660116},       
DOI={10.3389/ffutr.2021.660116},      
ISSN={2673-5210},   
   
}


@online{HyperledgerWalmartCasestudy,
 author = {Hyperledger Foundation},
 urldate = {2023-01-08},
 year = {2023},
 month = {07},
   title = {DLT Labs\textsuperscript{\texttrademark} \& Walmart Canada Transform Freight Invoice Management with Hyperledger Fabric},
   url = {https://www.hyperledger.org/case-studies/dltlabs-case-study},
	lastaccessed = {February 16, 2024},
}

@online{IBMFoodTrust,
   title = {Pricing - IBM Supply Chain Intelligence Suite},
   url = {https://www.ibm.com/products/supply-chain-intelligence-suite/pricing},
   year = {2023},
	lastaccessed = {February 16, 2024},
 urldate = {2023-01-08},

}



@Article{Khor2023,
AUTHOR = {Khor, Jing Huey and Sidorov, Michail and Zulqarnain, Seri Aathira Balqis},
TITLE = {Scalable Lightweight Protocol for Interoperable Public Blockchain-Based Supply Chain Ownership Management},
JOURNAL = {Sensors},
VOLUME = {23},
YEAR = {2023},
NUMBER = {7},
ARTICLE-NUMBER = {3433},
PubMedID = {37050490},
DOI = {10.3390/s23073433}
}




@article{Winter2023SMEs,
title = {Information sharing and multi-tier supply chain management of SMEs in the context of Industry 4.0},
journal = {Procedia Computer Science},
volume = {217},
pages = {1378-1385},
year = {2023},
note = {4th International Conference on Industry 4.0 and Smart Manufacturing},
issn = {1877-0509},
doi = {10.1016/j.procs.2022.12.336},
author = {Matthias Winter and Silvia Dopler and Julian M. Müller and Alexander Zeisler},
keywords = {Industry 4.0, information sharing, multi-tier, supply chain management, supplier networks},
}

@article{Arend2005SME,
title = {Small business and supply chain management: is there a fit?},
journal = {Journal of Business Venturing},
volume = {20},
number = {3},
pages = {403-436},
year = {2005},
issn = {0883-9026},
doi = {https://doi.org/10.1016/j.jbusvent.2003.11.003},
author = {Richard J. Arend and Joel D. Wisner},
keywords = {Supply chain management, Small business, Survey},
}

@online{IFCMSME2023,
   author = {IFC},
   title = {Definitions of Targeted Sectors},
   url = {https://www.ifc.org/en/what-we-do/sector-expertise/financial-institutions/definitions-of-targeted-sectors},
   urldate={2025-01-01}
}


@online{UNSME2022,
   author = {{UN Global Compact}},
   title = {SME Engagement Strategy},
   url = {https://unglobalcompact.org/library/6049},
   year = {2022},
    urldate = {2025-01-01}
}


@article{Dyer1998Rents,
author = {Dyer, Jeffrey H. and Singh, Harbir},
title = {The Relational View: Cooperative Strategy and Sources of Interorganizational Competitive Advantage},
journal = {Academy of Management Review},
volume = {23},
number = {4},
pages = {660-679},
year = {1998},
doi = {10.5465/amr.1998.1255632},

URL = { 
        https://doi.org/10.5465/amr.1998.1255632
},
eprint = { 
        https://doi.org/10.5465/amr.1998.1255632}

}



@Article{Agapiou2023SmartContracts,
AUTHOR = {Agapiou, Andrew},
TITLE = {Overcoming the Legal Barriers to the Implementation of Smart Contracts in the Construction Industry: The Emergence of a Practice and Research Agenda},
JOURNAL = {Buildings},
VOLUME = {13},
YEAR = {2023},
NUMBER = {3},
ARTICLE-NUMBER = {594},
URL = {https://www.mdpi.com/2075-5309/13/3/594},
ISSN = {2075-5309},
ABSTRACT = {The construction industry is one of the most critical sectors of the global economy, contributing significantly to economic growth and job creation [...]},
DOI = {10.3390/buildings13030594}
}

@InProceedings{Victor2020Address,
author="Victor, Friedhelm",
editor="Bonneau, Joseph
and Heninger, Nadia",
title="Address Clustering Heuristics for Ethereum",
booktitle="Financial Cryptography and Data Security",
year="2020",
publisher="Springer International Publishing",
address="Cham",
pages="617--633",
doi="10.1007/978-3-030-51280-4_33",}

@ARTICLE{Zhou2022EthereumGraph,

  author={Zhou, Jiajun and Hu, Chenkai and Chi, Jianlei and Wu, Jiajing and Shen, Meng and Xuan, Qi},

  journal={IEEE Transactions on Information Forensics and Security}, 

  title={Behavior-Aware Account De-Anonymization on Ethereum Interaction Graph}, 

  year={2022},

  volume={17},

  number={},

  pages={3433-3448},

  keywords={Blockchains;Behavioral sciences;Bitcoin;Phishing;Task analysis;Manuals;Feature extraction;Blockchain;de-anonymization;behavior pattern;graph neural network;hierarchical graph attention;contrastive learning},

  doi={10.1109/TIFS.2022.3208471}}


@article{koe2020Monero,
  title={Zero to Monero: Second Edition},
  author={koe and Alonso, Kurt M. and Noether, Sarang},
  journal={The Monero Project},
  year={2020},
  month={4},
}

@online{multihash,
    year = {2023},
   author = {Juan Benet and Steven Allen},
   title = {multiformats/multihash: Self describing hashes - for future proofing},
   url = {https://github.com/multiformats/multihash},
lastaccessed = {February 16, 2024},
 urldate = {2025-01-01},
}


@INPROCEEDINGS{ZEXE,
  author={Bowe, Sean and Chiesa, Alessandro and Green, Matthew and Miers, Ian and Mishra, Pratyush and Wu, Howard},

  booktitle={2020 IEEE Symposium on Security and Privacy (SP)}, 

  title={ZEXE: Enabling Decentralized Private Computation}, 

  year={2020},

  volume={},

  number={},

  pages={947-964},

  doi={10.1109/SP40000.2020.00050}}



@book{Loshin2013PracticalAnonymity,
   author = {Peter Loshin},
   isbn = {9780124104426},
   publisher = {Syngress},
   title = {Practical anonymity : hiding in plain sight online},
   url = {https://www.oreilly.com/library/view/practical-anonymity/9780124104044/},
   year = {2013},
}


@INPROCEEDINGS{Capko2022StateofZK,
  author={\v{c}apko, Darko and Vukmirovi\'{c}, Sr\dj an and Nedi\'{c}, Nemanja},
  booktitle={2022 30th Telecommunications Forum (TELFOR)}, 
  title={State of the Art of Zero-Knowledge Proofs in Blockchain}, 
  year={2022},
  volume={},
  number={},
  pages={1-4},
  keywords={Ecosystems;Buildings;Companies;Blockchains;Telecommunications;Security;Reliability;blockchain;zero-knowledge proof;optimistic rollup;zero-knowledge rollup},
  doi={10.1109/TELFOR56187.2022.9983760}}


@article{Badakhshan2024Zupply,
title={Zupply: Anonymously Maintained Decentralized DAG Data Record Over Public Blockchains},
DOI={10.36227/techrxiv.171821776.63453406/v1},
publisher={Institute of Electrical and Electronics Engineers (IEEE)},
author={Badakhshan, Mohammadtaghi and Gong, Guang},
year={2024},
month=jun }

@INPROCEEDINGS{Badakhshan2023Outline,

  author={Badakhshan, Mohammadtaghi and Gong, Guang},

  booktitle={2023 IEEE 9th World Forum on Internet of Things (WF-IoT)}, 

  title={Privacy-Preserving Ownership Transfer: Challenges and An Outlined Solution Based on Zero-Knowledge Proofs}, 

  year={2023},

  volume={},

  number={},

  pages={1-9},

  keywords={Data privacy;Supply chain management;Supply chains;Smart contracts;Authentication;Control systems;Blockchains;blockchain;ownership transfer;off-chain storage;directed acyclic graph;supply chain management;version control system;zero-knowledge proof;anonymity;unlinkability},

  doi={10.1109/WF-IoT58464.2023.10539396}}


@article{Sezer2022TPPSUPPLY,
title = {TPPSUPPLY : A traceable and privacy-preserving blockchain system architecture for the supply chain},
journal = {Journal of Information Security and Applications},
volume = {66},
pages = {103116},
year = {2022},
issn = {2214-2126},
doi = {10.1016/j.jisa.2022.103116},
author = {Bora Buğra Sezer and Selçuk Topal and Urfat Nuriyev},
}

@INPROCEEDINGS{Sidra2022PrivChain,
  author={Malik, Sidra and Dedeoglu, Volkan and Kanhere, Salil S. and Jurdak, Raja},
  booktitle={2022 IEEE International Conference on Blockchain (Blockchain)}, 
  title={PrivChain: Provenance and Privacy Preservation in Blockchain enabled Supply Chains}, 
  year={2022},
  volume={},
  number={},
  pages={157-166},
  keywords={Privacy;Data privacy;Supply chain management;Distributed ledger;Supply chains;Pipelines;Smart contracts;zero knowledge proofs;provenance;traceability;privacy;permissioned blockchain;supply chain},
  doi={10.1109/Blockchain55522.2022.00030}}



@Article{Basim2023Privacy,
AUTHOR = {Aljabhan, Basim and Obaidat, Muath A.},
TITLE = {Privacy-Preserving Blockchain Framework for Supply Chain Management: Perceptive Craving Game Search Optimization (PCGSO)},
JOURNAL = {Sustainability},
VOLUME = {15},
YEAR = {2023},
NUMBER = {8},
ARTICLE-NUMBER = {6905},
ISSN = {2071-1050},
DOI = {10.3390/su15086905}
}




@article{Li2024ProChain,
title = {ProChain: A privacy-preserving blockchain-based supply chain traceability system model},
journal = {Computers \& Industrial Engineering},
volume = {187},
pages = {109831},
year = {2024},
issn = {0360-8352},
doi = {10.1016/j.cie.2023.109831},
author = {Junzheng Li and Zhenqi Wang and Shaopeng Guan and Youliang Cao},
keywords = {Supply chain, Traceability, Blockchain, Attribute encryption, Zero-knowledge proof},
}

@INPROCEEDINGS{Sidra2019TrustChain,

  author={Malik, Sidra and Dedeoglu, Volkan and Kanhere, Salil S. and Jurdak, Raja},
  booktitle={2019 IEEE International Conference on Blockchain (Blockchain)}, 
  title={TrustChain: Trust Management in Blockchain and IoT Supported Supply Chains}, 
  year={2019},
  volume={},
  number={},
  pages={184-193},
  keywords={Supply chains;Blockchain;Trust management;Sensors;Smart contracts;Throughput;Cryptography;trust management systems;supply chains;permissioned blockchain;reputation;blockchain;hyperledger},
  doi={10.1109/Blockchain.2019.00032}}


@Inbook{Bauer2022,
author="Bauer, Davi Pedro",
title="Filecoin",
bookTitle="Getting Started with Ethereum : A Step-by-Step Guide to Becoming a Blockchain Developer",
year="2022",
publisher="Apress",
address="Berkeley, CA",
pages="97--101",
doi="10.1007/978-1-4842-8045-4_8"
}

@article{ERC-4361,
   author = {Wayne Chang and Gregory Rocco and Brantly Millegan and Nick Johnson and Oliver Terbu},
   journal = {Ethereum Improvement Proposals},
   month = {10},
   title = {ERC-4361},
   url = {https://eips.ethereum.org/EIPS/eip-4361},
   urldate = {2025-01-01},
   year = {2021},
}


@inproceedings{Fabric2018,
author = {Androulaki, Elli and Barger, Artem and Bortnikov, Vita and Cachin, Christian and Christidis, Konstantinos and De Caro, Angelo and Enyeart, David and Ferris, Christopher and Laventman, Gennady and Manevich, Yacov and Muralidharan, Srinivasan and Murthy, Chet and Nguyen, Binh and Sethi, Manish and Singh, Gari and Smith, Keith and Sorniotti, Alessandro and Stathakopoulou, Chrysoula and Vukoli\'{c}, Marko and Cocco, Sharon Weed and Yellick, Jason},
title = {Hyperledger fabric: a distributed operating system for permissioned blockchains},
year = {2018},
isbn = {9781450355841},
publisher = {Association for Computing Machinery},
address = {New York, NY, USA},
doi = {10.1145/3190508.3190538},
booktitle = {Proceedings of the Thirteenth EuroSys Conference},
articleno = {30},
numpages = {15},
location = {Porto, Portugal},
series = {EuroSys '18}
}

@online{mimblewimble2016,
  title={Mimblewimble},
  author={Tom Elvis Jedusor},
  year={2016},
  urldate = {2025-01-01},
    url = {https://scalingbitcoin.org/papers/mimblewimble.txt},
}
  
@InProceedings{Fauzi2019Quisquis,
author="Fauzi, Prastudy
and Meiklejohn, Sarah
and Mercer, Rebekah
and Orlandi, Claudio",
editor="Galbraith, Steven D.
and Moriai, Shiho",
title="Quisquis: A New Design for Anonymous Cryptocurrencies",
booktitle="Advances in Cryptology -- ASIACRYPT 2019",
year="2019",
publisher="Springer International Publishing",
address="Cham",
pages="649--678",
isbn="978-3-030-34578-5",
doi={10.1007/978-3-030-34578-5_23}
}

@InProceedings{Bunz2020Zether,
author="B{\"u}nz, Benedikt
and Agrawal, Shashank
and Zamani, Mahdi
and Boneh, Dan",
editor="Bonneau, Joseph
and Heninger, Nadia",
title="Zether: Towards Privacy in a Smart Contract World",
booktitle="Financial Cryptography and Data Security",
year="2020",
publisher="Springer International Publishing",
address="Cham",
pages="423--443",
isbn="978-3-030-51280-4",
doi={10.1007/978-3-030-51280-4_23}
}



@InProceedings{BNcurve,
author="Barreto, Paulo S. L. M.
and Naehrig, Michael",
editor="Preneel, Bart
and Tavares, Stafford",
title="Pairing-Friendly Elliptic Curves of Prime Order",
booktitle="Selected Areas in Cryptography",
year="2006",
publisher="Springer Berlin Heidelberg",
address="Berlin, Heidelberg",
pages="319--331",
isbn="978-3-540-33109-4"
}

@InProceedings{BLS_curve2003,
author="Barreto, Paulo S. L. M.
and Lynn, Ben
and Scott, Michael",
editor="Cimato, Stelvio
and Persiano, Giuseppe
and Galdi, Clemente",
title="Constructing Elliptic Curves with Prescribed Embedding Degrees",
booktitle="Security in Communication Networks",
year="2003",
publisher="Springer Berlin Heidelberg",
address="Berlin, Heidelberg",
pages="257--267",
isbn="978-3-540-36413-9"
}

@article{Barbulescu2019,
  author = {Razvan Barbulescu and Sylvain Duquesne},
  title = {Updating Key Size Estimations for Pairings},
  journal = {Journal of Cryptology},
  year = {2019},
  volume = {32},
  number = {4},
  pages = {1298--1336},
  doi = {10.1007/s00145-018-9280-5},
  url = {https://doi.org/10.1007/s00145-018-9280-5},
  issn = {1432-1378},
}


@inproceedings{Nikolaenko2024PowersofTau,
author = {Nikolaenko, Valeria and Ragsdale, Sam and Bonneau, Joseph and Boneh, Dan},
title = {Powers-of-Tau to People: Decentralizing Setup Ceremonies},
year = {2024},
isbn = {978-3-031-54775-1},
publisher = {Springer-Verlag},
address = {Berlin, Heidelberg},
url = {https://doi.org/10.1007/978-3-031-54776-8_5},
doi = {10.1007/978-3-031-54776-8_5},
booktitle = {Applied Cryptography and Network Security: 22nd International Conference, ACNS 2024, Abu Dhabi, United Arab Emirates, March 5–8, 2024, Proceedings, Part III},
pages = {105–134},
numpages = {30},
location = {Abu Dhabi, United Arab Emirates}
}


@article{Vlasov2020,
   author = {Alex Vlasov and Kelly Olson and Alex Stokes and Antonio Sanso},
   month = {2},
   journal = {Ethereum Improvement Proposals, no. 2537},
   title = {{E}{I}{P}-2537: {P}erecompile for {B}{L}{S}12-381 curve operations [DRAFT]},
   url = {https://eips.ethereum.org/EIPS/eip-2537},
   year = {2020},
    howpublished = {\url{https://eips.ethereum.org/EIPS/eip-2537}},
    note = {[Online serial]. \url{https://eips.ethereum.org/EIPS/eip-2537}. Accessed: 2024-11-14}
}

@InProceedings{Aurora2019,
    author={Ben-Sasson, Eli
    and Chiesa, Alessandro
    and Riabzev, Michael
    and Spooner, Nicholas
    and Virza, Madars
    and Ward, Nicholas P.},
    editor={Ishai, Yuval
    and Rijmen, Vincent},
    title={Aurora: Transparent Succinct Arguments for {R1CS}},
    booktitle={Advances in Cryptology -- EUROCRYPT 2019},
    year={2019},
    publisher={Springer International Publishing},
    address={Cham},
    doi={10.1007/978-3-030-17653-2_4},
    pages={103-128}
}

@misc{libiop,
  author = {Eli Ben-Sasson and Alessandro Chiesa and Alex Kazorian and Dev Ojha and Aleksejs Popovs and Michael Riabzev and Nicholas Spooner and Madars Virza and Nicholas Ward},
  title = {libiop: A {C}++ library for zero knowledge proofs},
  howpublished = {\url{https://github.com/scipr-lab/libiop}},
  note = {Accessed: 2024-10-10}
}

@InProceedings{Ben-Sasson2016IOP,
author="Ben-Sasson, Eli
and Chiesa, Alessandro
and Spooner, Nicholas",
editor="Hirt, Martin
and Smith, Adam",
title="Interactive Oracle Proofs",
booktitle="Theory of Cryptography",
year="2016",
publisher="Springer Berlin Heidelberg",
address="Berlin, Heidelberg",
pages="31--60",
doi="10.1007/978-3-662-53644-5_2",
isbn="978-3-662-53644-5"
}

@InProceedings{Ben-Sasson2018FRI,
  author =	{Ben-Sasson, Eli and Bentov, Iddo and Horesh, Yinon and Riabzev, Michael},
  title =	{{Fast Reed-Solomon Interactive Oracle Proofs of Proximity}},
  booktitle =	{45th International Colloquium on Automata, Languages, and Programming (ICALP 2018)},
  pages =	{14:1--14:17},
  series =	{Leibniz International Proceedings in Informatics (LIPIcs)},
  ISBN =	{978-3-95977-076-7},
  ISSN =	{1868-8969},
  year =	{2018},
  volume =	{107},
  editor =	{Chatzigiannakis, Ioannis and Kaklamanis, Christos and Marx, D\'{a}niel and Sannella, Donald},
  publisher =	{Schloss Dagstuhl -- Leibniz-Zentrum f{\"u}r Informatik},
  address =	{Dagstuhl, Germany},
  URL =		{https://drops.dagstuhl.de/entities/document/10.4230/LIPIcs.ICALP.2018.14},
  URN =		{urn:nbn:de:0030-drops-90183},
  doi =		{10.4230/LIPIcs.ICALP.2018.14},
  annote =	{Keywords: Interactive proofs, low degree testing, Reed Solomon codes, proximity testing}
}


@misc{google_benchmark,
  author = {{Google Inc. and contributors}},
  title = {Benchmark - A microbenchmark support library},
  howpublished = {\url{https://github.com/google/benchmark}},
}

@misc{Ben-Sasson2018STARK,
	author = {Eli Ben-Sasson and Iddo Bentov and Yinon Horesh and Michael Riabzev},
	title = {Scalable, transparent, and post-quantum secure computational integrity},
	howpublished = {Cryptology {ePrint} Archive, Paper 2018/046},
	year = {2018},
	url = {https://eprint.iacr.org/2018/046}
}

@InProceedings{Chiesa2020Fractal,
	author="Chiesa, Alessandro
	and Ojha, Dev
	and Spooner, Nicholas",
	editor="Canteaut, Anne
	and Ishai, Yuval",
	title="Fractal: Post-quantum and Transparent Recursive Proofs from Holography",
	booktitle="Advances in Cryptology -- EUROCRYPT 2020",
	year="2020",
	publisher="Springer International Publishing",
	address="Cham",
	pages="769--793",
	doi="10.1007/978-3-030-45721-1_27",
	isbn="978-3-030-45721-1"
}


@inproceedings {Grassi2021Poseidon,
	author = {Lorenzo Grassi and Dmitry Khovratovich and Christian Rechberger and Arnab Roy and Markus Schofnegger},
	title = {Poseidon: A New Hash Function for {Zero-Knowledge} Proof Systems},
	booktitle = {30th USENIX Security Symposium (USENIX Security 21)},
	year = {2021},
	isbn = {978-1-939133-24-3},
	pages = {519--535},
	url = {https://www.usenix.org/conference/usenixsecurity21/presentation/grassi},
	publisher = {USENIX Association},
	month = aug
}

@techreport{NIST-SP-800-57-Part1-Rev5,
	author       = {Elaine Barker},
	title        = {{Recommendation for Key Management: Part 1 – General (NIST Special Publication 800-57 Part 1 Revision 5)}},
	institution  = {National Institute of Standards and Technology},
	year         = {2020},
	number       = {SP 800-57 Part 1 Rev. 5},
	month        = {May},
	doi          = {10.6028/NIST.SP.800-57pt1r5 },
	url          = {https://csrc.nist.gov/pubs/sp/800/57/pt1/r5/final},
}

@article{Cantor1989FFT,
	title = {On arithmetical algorithms over finite fields},
	journal = {Journal of Combinatorial Theory, Series A},
	volume = {50},
	number = {2},
	pages = {285-300},
	year = {1989},
	issn = {0097-3165},
	doi = {https://doi.org/10.1016/0097-3165(89)90020-4},
	url = {https://www.sciencedirect.com/science/article/pii/0097316589900204},
	author = {David G. Cantor}
}

@ARTICLE{Gao2010FFT,
	author={Gao, Shuhong and Mateer, Todd},
	journal={IEEE Transactions on Information Theory}, 
	title={Additive {F}ast {F}ourier {T}ransforms {O}ver {F}inite {F}ields}, 
	year={2010},
	volume={56},
	number={12},
	pages={6265-6272},
	keywords={Taylor series;Algorithm design and analysis;Reed-Solomon codes;Fast Fourier transforms;Fast Fourier transform (FFT);Taylor expansion;multiplication;convolution;Reed–Solomon codes},
	doi={10.1109/TIT.2010.2079016}
}

@inproceedings{ECFFT1_2023,
	author = {Eli Ben-Sasson and Dan Carmon and Swastik Kopparty and David Levit},
	title = {Elliptic Curve Fast Fourier Transform ({ECFFT}) Part I: Low-degree Extension in Time O(n log n) over all Finite Fields},
	booktitle = {Proceedings of the 2023 Annual ACM-SIAM Symposium on Discrete Algorithms (SODA)},
	chapter = {},
	year= {2023},
	pages = {700-737},
	doi = {10.1137/1.9781611977554.ch30}
}

@misc{Diamond2023Towers,
	author = {Benjamin E. Diamond and Jim Posen},
	title = {Succinct Arguments over Towers of Binary Fields},
	howpublished = {Cryptology {ePrint} Archive, Paper 2023/1784},
	year = {2023},
	url = {https://eprint.iacr.org/2023/1784}
}

@InProceedings{ECFFT_2022,
	author="Ben--Sasson, Eli
	and Carmon, Dan
	and Kopparty, Swastik
	and Levit, David",
	editor="Kiltz, Eike
	and Vaikuntanathan, Vinod",
	title="Scalable and Transparent Proofs over All Large Fields, via Elliptic Curves",
	booktitle="Theory of Cryptography",
	year="2022",
	publisher="Springer Nature Switzerland",
	address="Cham",
	pages="467--496",
	doi="10.1007/978-3-031-22318-1_17",
	isbn="978-3-031-22318-1"
}


@article{CHES:LuoFuGong23, 
	author={Luo, Guiwen and Fu, Shihui and Gong, Guang}, 
	title={Speeding Up Multi-Scalar Multiplication over Fixed Points Towards Efficient zkSNARKs}, 
	journal={IACR Transactions on Cryptographic Hardware and Embedded Systems}, 
	volume={2023}, 
	number={2}, 
	pages={358--380},
	year={2023}, 
	month={Mar.}, 
	doi={10.46586/tches.v2023.i2.358-380}
}

@inproceedings{zurGathenFFT,
	author = {Gathen, Joachim von zur and Gerhard, J\"{u}rgen},
	title = {Arithmetic and factorization of polynomial over $\mathbb{F}_2$ (extended abstract)},
	year = {1996},
	isbn = {0897917960},
	publisher = {Association for Computing Machinery},
	address = {New York, NY, USA},
	url = {https://doi.org/10.1145/236869.236882},
	doi = {10.1145/236869.236882},
	booktitle = {Proceedings of the 1996 International Symposium on Symbolic and Algebraic Computation},
	pages = {1–9},
	numpages = {9},
	location = {Zurich, Switzerland},
	series = {ISSAC '96}
}

@ARTICLE{LCH-conv2016,
	author={Sian-Jheng Lin and Tareq Y. {Al-Naffouri} and Yunghsiang Sam Han and Wei-Ho Chung},
	journal={IEEE Transactions on Information Theory}, 
	title={Novel Polynomial Basis With Fast {F}ourier Transform and Its Application to {Reed–S}olomon Erasure Codes}, 
	year={2016},
	volume={62},
	number={11},
	doi={10.1109/TIT.2016.2608892},
	pages={6284-6299}
}

@ARTICLE{LCH-FFT2016,
	author={Sian-Jheng Lin and Tareq Y. {Al-Naffouri} and Yunghsiang Sam Han},
	journal={IEEE Transactions on Information Theory}, 
	title={{FFT} {A}lgorithm for {B}inary {E}xtension {F}inite {F}ields and {I}ts {A}pplication to {R}eed–{S}olomon {C}odes}, 
	year={2016},
	volume={62},
	number={10},
	pages={5343-5358},
	doi={10.1109/TIT.2016.2600417}
}


@inproceedings{Ames2017Ligero,
	author = {Ames, Scott and Hazay, Carmit and Ishai, Yuval and Venkitasubramaniam, Muthuramakrishnan},
	title = {Ligero: Lightweight Sublinear Arguments Without a Trusted Setup},
	year = {2017},
	isbn = {9781450349468},
	publisher = {Association for Computing Machinery},
	address = {New York, NY, USA},
	url = {https://doi.org/10.1145/3133956.3134104},
	doi = {10.1145/3133956.3134104},
	booktitle = {Proceedings of the 2017 ACM SIGSAC Conference on Computer and Communications Security},
	pages = {2087–2104},
	numpages = {18},
	keywords = {mpc-in-the-head, sublinear zero-knowledge, zkipcp},
	location = {Dallas, Texas, USA},
	series = {CCS '17}
}

@article{Gong2024,
	author = {Guang Gong},
	title = {Uni/multi variate polynomial embeddings for {zkSNARKs}},
	journal = {Cryptography and Communications},
	year = {2024},
	volume = {16},
	number = {6},
	pages = {1257--1288},
	doi = {10.1007/s12095-024-00723-0},
	url = {https://doi.org/10.1007/s12095-024-00723-0},
	issn = {1936-2455}
}

@article{Preon2023,
	title={Preon: zk-{SNARK} based {S}ignature {S}cheme},
	author={Chen, Ming-Shing and Chen, Yu-Shian and Cheng, Chen-Mou and Fu, Shiuan and Hong, Wei-Chih and Hsiang, Jen-Hsuan and Hu, Sheng-Te and Kuo, Po-Chun and Lee, Wei-Bin and Liu, Feng-Hao and others},
	journal = {Technical report. NIST},
	year={2023}
}


@misc{nist_pqc_round1_signatures,
	author       = {{N}ational {Institute of} {S}tandards and {T}echnology},
	title        = {{Post-Quantum Cryptography: Standardization Process}},
	howpublished = {\url{https://csrc.nist.gov/projects/pqc-dig-sig/round-1-additional-signatures}},
	note         = {Accessed: 2025-01-10},
	year    = {2023}
}

@phdthesis{samanta2023thesis,
	title={Design and analysis of {MDS} and {Near-MDS} Matrices and their application to lightweight cryptography},
	author={Samanta, Susanta},
	year={2023},
	school={Indian Statistical Institute, Kolkata},
	url={http://dspace.isical.ac.in:8080/jspui/handle/10263/7421},
	advisor={Kishan Chand Gupta}
}
 
@phdthesis{MateerThesis2008,
	author       = {Todd Mateer},
	title        = {Fast {F}ourier Transform Algorithms with Applications},
	publisher    = {Clemson University},
	url  ={https://open.clemson.edu/all_dissertations/231/},
	school={Clemson University},
	year         = {2008}
}

@inproceedings{Goldwasser1986Private_vs_Public,
	author = {Goldwasser, Shafi and Sipser, Michael},
	title = {Private coins versus public coins in interactive proof systems},
	year = {1986},
	isbn = {0897911938},
	publisher = {Association for Computing Machinery},
	address = {New York, NY, USA},
	url = {https://doi.org/10.1145/12130.12137},
	doi = {10.1145/12130.12137},
	booktitle = {Proceedings of the Eighteenth Annual ACM Symposium on Theory of Computing},
	pages = {59–68},
	numpages = {10},
	location = {Berkeley, California, USA},
	series = {STOC '86}
}

@article{Fine1947,
	ISSN = {00029890, 19300972},
	URL = {http://www.jstor.org/stable/2304500},
	author = {N. J. Fine},
	journal = {The American Mathematical Monthly},
	number = {10},
	pages = {589--592},
	publisher = {[Taylor & Francis, Ltd., Mathematical Association of America]},
	title = {Binomial {C}oefficients {M}odulo a {P}rime},
	urldate = {2024-10-03},
	volume = {54},
	doi={10.2307/2304500},
	year = {1947}
}

@article{Thaler2022Proofs,
	year = {2022},
	volume = {4},
	journal = {Foundations and Trends® in Privacy and Security},
	title = {Proofs, Arguments, and Zero-Knowledge},
	doi = {10.1561/3300000030},
	issn = {2474-1558},
	number = {2–4},
	pages = {117-660},
	author = {Justin Thaler}
}


@article{BRASSARD1988Minimum,
	title = {Minimum disclosure proofs of knowledge},
	journal = {Journal of Computer and System Sciences},
	volume = {37},
	number = {2},
	pages = {156-189},
	year = {1988},
	issn = {0022-0000},
	doi = {10.1016/0022-0000(88)90005-0},
	author = {Gilles Brassard and David Chaum and Claude Crépeau},
}

@InProceedings{FRI2018,
	author =	{Ben-Sasson, Eli and Bentov, Iddo and Horesh, Yinon and Riabzev, Michael},
	title =	{Fast {R}eed-{S}olomon Interactive Oracle Proofs of Proximity},
	booktitle =	{45th International Colloquium on Automata, Languages, and Programming (ICALP 2018)},
	pages =	{14:1--14:17},
	series =	{Leibniz International Proceedings in Informatics (LIPIcs)},
	ISBN =	{978-3-95977-076-7},
	ISSN =	{1868-8969},
	year =	{2018},
	volume =	{107},
	editor =	{Chatzigiannakis, Ioannis and Kaklamanis, Christos and Marx, D\'{a}niel and Sannella, Donald},
	publisher =	{Schloss Dagstuhl -- Leibniz-Zentrum f{\"u}r Informatik},
	address =	{Dagstuhl, Germany},
	URN =		{urn:nbn:de:0030-drops-90183},
	doi =		{10.4230/LIPIcs.ICALP.2018.14},
}

@InProceedings{Ben-Sasson2016Zero-Knowledge,
	author="Ben-Sasson, Eli
	and Chiesa, Alessandro
	and Gabizon, Ariel
	and Virza, Madars",
	editor="Kushilevitz, Eyal
	and Malkin, Tal",
	title="Quasi-Linear Size Zero Knowledge from Linear-Algebraic {PCPs}",
	booktitle="Theory of Cryptography",
	year="2016",
	publisher="Springer Berlin Heidelberg",
	address="Berlin, Heidelberg",
	pages="33--64",
	doi="10.1007/978-3-662-49099-0_2",
	isbn="978-3-662-49099-0"
}

@inproceedings{Babai85,
	author = {Babai, László},
	title = {Trading group theory for randomness},
	year = {1985},
	isbn = {0897911512},
	publisher = {Association for Computing Machinery},
	address = {New York, NY, USA},
	doi = {10.1145/22145.22192},
	booktitle = {Proceedings of the Seventeenth Annual ACM Symposium on Theory of Computing},
	pages = {421–429},
	numpages = {9},
	location = {Providence, Rhode Island, USA},
	series = {STOC '85}
}

@article{Goldreich1991zk-np,
	author = {Goldreich, Oded and Micali, Silvio and Wigderson, Avi},
	title = {Proofs that yield nothing but their validity or all languages in NP have zero-knowledge proof systems},
	year = {1991},
	issue_date = {July 1991},
	publisher = {Association for Computing Machinery},
	address = {New York, NY, USA},
	volume = {38},
	number = {3},
	issn = {0004-5411},
	doi = {10.1145/116825.116852},
	journal = {J. ACM},
	month = jul,
	pages = {690–728},
	numpages = {39},
}


@book{Goldreich2001Book,
	author = {Goldreich, Oded},
	title = {Foundations of Cryptography: Volume 1},
	year = {2001},
	isbn = {9780511546891},
	doi = {10.1017/CBO9780511546891},
	publisher = {Cambridge University Press},
	place={Cambridge},
	address = {USA}
}

@inproceedings{GKR2008,
	author = {Goldwasser, Shafi and Kalai, Yael Tauman and Rothblum, Guy N.},
	title = {Delegating computation: interactive proofs for muggles},
	year = {2008},
	isbn = {9781605580470},
	publisher = {Association for Computing Machinery},
	address = {New York, NY, USA},
	doi = {10.1145/1374376.1374396},
	booktitle = {Proceedings of the Fortieth Annual ACM Symposium on Theory of Computing},
	pages = {113–122},
	numpages = {10},
	keywords = {delegation, interactive proofs, muggles},
	location = {Victoria, British Columbia, Canada},
	series = {STOC '08}
}

@InProceedings{Nitulescu2019Lattice,
	author="Nitulescu, Anca",
	editor="Schwabe, Peter
	and Th{\'e}riault, Nicolas",
	title="Lattice-Based Zero-Knowledge SNARGs for Arithmetic Circuits",
	booktitle="Progress in Cryptology -- LATINCRYPT 2019",
	year="2019",
	publisher="Springer International Publishing",
	address="Cham",
	pages="217--236",
	doi="10.1007/978-3-030-30530-7_11",
	isbn="978-3-030-30530-7"
}

@InProceedings{Brassard1986ZKBoolean,
	author="Brassard, Gilles
	and Claude Crépeau",
	editor="Odlyzko, Andrew M.",
	title="Zero-Knowledge Simulation of Boolean Circuits",
	booktitle="Advances in Cryptology --- CRYPTO' 86",
	year="1986",
	publisher="Springer Berlin Heidelberg",
	volume="263",
	address="Berlin, Heidelberg",
	pages="223--233",
	isbn="978-3-540-47721-1",
	doi="10.1007/3-540-47721-7_16"
}



